1931 3239
623 185 758 212 JACOBI
784 186 925 213 SARUG.
952 187 1059 214 vr'rA.
1521 186 1561 217 97

134 285 311 329 rumque
329 273 482 329 iniqui,
508 273 548 316 in
569 274 793 319 scribendo
817 289 961 332 parum
987 277 1224 334 diligentis,
1244 287 1285 322 et
1315 287 1436 323 aetate
1454 282 1562 324 mul—

133 354 221 388 tum
247 344 490 399 posterioris
510 377 519 393 ‚
544 345 653 400 apud
676 359 819 401 aequos
842 359 981 389 rerum
1011 349 1287 393 aestimatores
1310 364 1564 408 magnopere

132 415 386 473 praevalebit.
417 415 614 458 Ceterum
643 429 736 472 quae
766 418 817 460 de
845 418 921 460 hac
947 419 1092 463 Jacohi
1116 421 1366 466 eruditionis
1400 424 1565 480 origine

132 489 338 538 diximus,
358 488 466 531 intra
489 488 742 544 conjecturae
774 489 927 533 limites
956 492 1188 535 consistere
1211 493 1393 544 debent,
1425 508 1562 550 neque

132 560 265 609 enim,
288 559 522 602 tacentibus
549 560 784 610 veteribus,
803 568 965 604 certum
993 562 1223 618 quidquam
1251 565 1378 606 statui
1410 573 1564 620 potest.

133 709 148 748 §
179 710 209 742 4.
244 714 289 741 DE
322 714 484 741 EXAMINE
516 715 588 746 QUO
619 715 840 741 SARUGENSIS
873 716 1065 743 SCIENTIAM
1095 717 1137 743 Ac
1166 717 1274 744 FIDEM
1303 718 1568 746 EXPLORARUNT

299 769 459 796 EPISCOPI
484 769 671 802 QUINQUE,
698 770 817 801 DEQUE
843 770 959 797 ILLIUS
984 772 1213 799 SCRIPTORUM
1239 772 1399 799 ORIGINE.

195 881 326 937 Major
358 890 421 924 est
453 881 701 937 graviorque
743 882 913 925 testium
953 884 1093 939 copia,
1136 898 1216 939 qua
1250 884 1449 927 certiores
1483 886 1570 928 esti-

135 952 270 995 cimur
304 952 611 1009 Sarugensem,
646 966 741 995 cum
774 967 931 996 annum
963 940 1105 1010 ageret
1137 955 1384 1010 vigesimum
1422 968 1571 998 secun·

134 1025 258 1074 dnm,
291 1037 376 1067 suae
409 1024 614 1067 doctrinae
650 1037 790 1067 coram
828 1023 1015 1079 quinque
1044 1024 1253 1080 episcopis
1287 1025 1436 1068 fecisse
1465 1025 1572 1081 peri-

133 1095 289 1138 culum.
325 1094 510 1151 Contigit
540 1094 652 1137 istud
689 1107 866 1137 examen
895 1107 1007 1137 anno
1045 1094 1198 1137 Christi
1228 1097 1350 1145 4743
1389 1096 1571 1143 factum,

134 1175 285 1222 praeter
315 1165 422 1209 duos
456 1173 650 1209 auctores
688 1178 814 1221 supra
849 1165 1015 1215 citatos,
1051 1166 1175 1208 etiam
1211 1166 1437 1222 Gregorius
1474 1168 1571 1209 Bar-

132 1236 326 1281 hebrae'us
361 1238 431 1294 qui
474 1238 617 1281 floruit
649 1238 802 1280 saeculo
839 1238 963 1287 XIII,
1002 1238 1127 1280 refert
1173 1238 1236 1281 his
1273 1239 1467 1281 Chronici
1507 1239 1572 1281 sni

134 1310 271 1353 verbiS
303 1325 312 1352 :
347 1326 365 1350 α
388 1309 457 1352 aiii
487 1317 658 1353 narrant
691 1309 781 1365 ejus
812 1310 1079 1360 doctrinam,
1112 1323 1207 1352 cum
1242 1310 1379 1353 adhuc
1405 1310 1572 1366 juvenis

139 1398 158 1421 α
197 1388 334 1431 esset,
369 1394 391 1424 a
419 1381 607 1437 quinque
645 1381 855 1437 episcopis
894 1382 1153 1437 exploratam
1190 1381 1345 1431 fuisse,
1382 1382 1453 1437 qui
1493 1396 1572 1424 una

139 1470 157 1493 «
196 1453 467 1496 considentes
506 1453 547 1495 in
589 1452 795 1502 ecclesia,
836 1453 1105 1509 postularunt
1140 1460 1185 1496 ut
1220 1454 1272 1496 de
1307 1466 1432 1496 curru
1473 1454 1597 1507 Eze-K„

139 1541 157 1564 «
196 1524 341 1567 chielis
358 1557 368 1574 ‚
391 1536 517 1577 quem
546 1523 589 1565 in
618 1523 757 1566 tabula
781 1536 1030 1580 expressum
1056 1530 1153 1566 ante
1176 1523 1322 1566 oculos
1342 1523 1572 1574 habebant,

138 1613 157 1635 (ι
197 1595 377 1647 diceret3
401 1595 604 1638 ,Iacobum
631 1608 729 1637 vero
760 1602 1090 1650 extemporaneo
1115 1594 1302 1637 carmine
1330 1608 1573 1637 sermonem

139 1685 156 1708 (ι
195 1667 278 1710 illis
300 1666 438 1710 verbis
464 1667 687 1710 inchoasse
711 1682 720 1709 z
743 1669 941 1710 altissime
957 1670 1027 1721 qui
1049 1669 1158 1710 sedes
1176 1680 1482 1720 supercurrunt
1504 1676 1574 1711 etc.

139 1757 157 1779 «ι
196 1747 238 1782 et
271 1739 322 1782 ad
351 1739 516 1781 ruinam
552 1738 718 1781 Amidae
754 1752 853 1782 mox
885 1739 1120 1795 digressum
1160 1739 1317 1791 suisse;
1350 1739 1576 1796 episcopos

142 1828 160 1851 «
199 1823 297 1854 vero
340 1823 386 1854 ea
422 1810 684 1867 digressione
720 1810 1015 1866 perturbatos,
1047 1817 1089 1853 et
1123 1811 1328 1854 vIacobum
1363 1810 1577 1854 memoriae

143 1899 160 1922 «
200 1881 300 1925 vitio
361 1881 580 1924 aberrasse
637 1881 908 1937 suspicatos,
968 1881 1295 1937 superveniente
1353 1881 1405 1924 de
1460 1881 1577 1923 clade

142 1969 160 1993 a
200 1952 421 1996 Amidensi
456 1951 637 2003 nuncio,
667 1952 928 1995 intellexisse
960 1964 982 1994 a
1019 1951 1180 2008 Spiritu
1214 1959 1360 1994 sancto
1396 1951 1576 1994 infusam

145 2042 162 2065 a
197 2024 339 2080 juveni
381 2024 628 2074 scientiam,
658 2037 705 2067 ac
734 2024 911 2080 proinde
950 2023 1067 2066 illum
1112 2035 1307 2079 rogasse,
1346 2036 1398 2066 ne
1431 2023 1482 2066 ab
1516 2023 1578 2064 in=

143 2113 162 2135 a
202 2103 339 2151 coepto
371 2095 594 2138 desisteret
623 2094 682 2151 (i).
707 2110 726 2134 »

201 2167 322 2220 Quod
369 2175 510 2209 autem
550 2167 618 2209 hic
663 2174 705 2209 et
744 2166 786 2208 in
831 2165 1000 2221 Georgii
1034 2168 1283 2219 paneqyrico
1322 2165 1372 2206 de
1413 2164 1578 2207 Amidae

141 2238 456 2294 expugnatione
506 2244 701 2280 narratur
747 2237 862 2280 nullo
898 2236 1024 2280 modo
1066 2249 1163 2278 cum
1203 2235 1415 2278 historicis
1454 2235 1580 2277 docu-

142 2309 297 2352 mentis
336 2309 535 2365 componi
572 2320 695 2364 posse
733 2307 929 2358 videtur3
970 2320 1064 2350 nam
1100 2305 1223 2361 hujus
1253 2304 1434 2348 civitatis
1469 2305 1578 2348 exei-

188 2453 229 2492 (¹)
256 2452 288 2483 B.
316 2452 352 2484 Ο.
380 2451 406 2483 II
423 2475 430 2490 ,
457 2460 489 2492 p.
525 2451 603 2483 521.
636 2450 763 2483 Scribit
801 2450 926 2482 ibidem
981 2449 1199 2481 Barhebraeus
1237 2447 1427 2479 doctrinam
1464 2446 1579 2478 ,iacobi

141 2510 247 2542 fuisse
265 2509 367 2542 etiam
386 2517 402 2540 a
421 2509 555 2546 Severo,
577 2508 766 2550 patriarcha
784 2508 986 2539 antiocheno
1005 2506 1252 2547 monophysita,
1273 2503 1420 2537 examini
1439 2503 1577 2543 subjec-

144 2573 210 2600 tam
229 2572 263 2600 et
280 2567 463 2606 laudatam
484 2567 544 2599 sed
563 2567 637 2606 hoc,
655 2567 746 2608 quod
765 2566 861 2598 nullo
879 2566 946 2598 alio
960 2570 1045 2597 teste
1057 2564 1311 2605 comprobatur,
1329 2562 1579 2595 dixeritstndio

141 2625 345 2657 conciliandi
375 2625 520 2665 propriae
545 2633 613 2656 suae
639 2629 739 2656 sectae
765 2624 865 2663 hujus
891 2621 1037 2654 doctoris
1052 2620 1301 2653 auctoritatem.
1317 2619 1384 2651 Csr.
1418 2625 1489 2658 cap.
1509 2626 1578 2657 seq.

1330 2690 1366 2717 13
