1931 3239
0 3073 12 3239 “VJ-⁹7⁸5v‘
0 3049 4 3055 ⁷
0 3004 2 3006 <
3 2957 6 2959 v
0 2921 2 2925 *

676 215 811 242 JACOBI
837 215 979 243 SARUG.
1006 216 1112 243 VITA.
1566 208 1607 241 85

175 306 442 362 monasterii)
474 307 630 362 quique
674 307 716 348 in
754 320 800 350 ea
844 308 1111 358 minisu¹ant;
1154 307 1354 363 suscipiat
1399 307 1606 349 Dominus

174 387 410 431 oblationes
437 401 598 437 eorum,
626 388 734 431 sicut
760 388 996 431 oblationes
1029 389 1221 439 Habelis‚
1246 389 1341 445 agni
1365 390 1604 432 innocentis

173 477 215 512 et
247 472 406 513 fructus
442 471 679 520 benedicti,
713 471 783 526 qui
826 471 869 514 in
908 479 1052 516 moute
1090 487 1243 529 agnum
1276 474 1318 516 in
1352 473 1603 516 sacrificium

174 552 407 607 perfectum
435 552 587 595 obtulit
616 552 813 596 Domino.

230 850 438 906 Suscipiat
462 851 669 894 Dominus
688 850 924 893 oblationes
945 863 1092 893 eorum
1118 851 1226 894 sicut
1245 852 1482 895 oblationes
1497 852 1600 907 justi

170 932 422 982 Abraham,
457 933 753 976 Melchisedeki
790 941 833 976 et
865 933 1041 975 aliorum
1069 933 1297 989 justorum.

229 1080 423 1123 Perficiat
455 1081 662 1124 Dominus
697 1081 838 1124 omnia
870 1082 1072 1125 sacrificia
1101 1090 1142 1124 et
1175 1095 1320 1138 preces
1352 1095 1523 1132 eorum,
1559 1090 1600 1125 et

169 1170 235 1212 tu,
269 1161 349 1204 illis
381 1162 646 1206 abundanter
681 1162 871 1220 largiaris
902 1163 953 1206 de
993 1163 1105 1207 dono
1137 1163 1293 1206 divino.

225 1321 345 1364 Salva
372 1322 465 1365 illos
489 1335 539 1365 ex
563 1323 641 1365 hoc
663 1322 767 1365 mari
791 1322 993 1373 flammae,
1018 1337 1111 1379 quae
1140 1336 1359 1380 perversos
1383 1331 1424 1367 et
1446 1324 1596 1380 impios

164 1411 326 1447 aestuat.
361 1404 480 1448 Salva
516 1418 588 1448 eos
619 1418 670 1448 ex
703 1406 820 1449 fovea
851 1406 1039 1449 horribili
1070 1414 1114 1448 ut
1144 1419 1195 1448 ne
1228 1406 1470 1449 crucientur
1500 1421 1595 1449 cuni

164 1487 356 1530 daemone
380 1487 576 1544 maligno.
601 1487 721 1531 Salva
743 1501 816 1531 eos
841 1502 862 1531 a
886 1488 1074 1532 cruciatu
1098 1488 1237 1531 divitis
1262 1496 1303 1531 et
1327 1502 1423 1531 cum
1442 1489 1596 1533 Lazaro

163 1582 346 1626 paupere
370 1570 484 1627 ipsos
515 1571 713 1614 exhilara.
746 1571 999 1628 Peregrinos
1033 1585 1131 1615 vero
1168 1572 1416 1631 (defunctos)
1449 1607 1457 1616 .
1524 1608 1533 1616 .

380 1767 1224 1780 ............

206 1902 234 1925 v.
262 1893 340 1926 585.
368 1894 435 1926 Vox
459 1893 519 1926 ista
547 1894 667 1927 ultima
692 1901 743 1927 est
765 1895 837 1927 folii
866 1895 950 1934 114;
981 1904 1081 1937 porro
1111 1896 1191 1929 solio
1220 1898 1284 1929 115
1312 1897 1432 1939 incipit
1457 1908 1595 1932 carmen

159 1950 309 1992 ejusdem
337 1952 450 1984 sancti
475 1951 591 1984 Jacobi
612 1952 763 1985 doctoris
786 1953 827 1985 de
852 1957 971 1986 sancto
996 1953 1171 1996 Stephano
1188 1954 1436 1988 archidiacono
1461 1959 1492 1987 et
1509 1966 1592 1998 pro-

159 2011 360 2051 eomartyre.
388 2010 471 2041 Cum
507 2015 620 2042 autem
658 2011 792 2052 Georgii
836 2011 1085 2055 paneyyricum
1131 2013 1176 2045 ita
1207 2014 1346 2046 minime
1395 2014 1590 2046 absolutum

159 2065 347 2105 habeatur,
381 2068 560 2109 probabile
593 2069 728 2102 videtur
760 2069 863 2108 folia,
900 2079 1005 2102 unum
1039 2075 1097 2103 aut
1133 2071 1254 2112 plura,
1285 2072 1339 2104 hic
1368 2082 1387 2105 e
1418 2074 1590 2105 volumine

157 2124 335 2157 excidisse.
