1931 3239
585 165 751 191 CARMEN
779 166 803 191 ii
833 167 880 191 DE
908 167 940 191 B.
970 167 1005 191 v.
1035 168 1075 192 M.
1484 162 1544 194 271

110 254 269 297 tribuas
311 253 409 296 illud
457 261 657 309 tauquam
699 257 916 311 proprium
964 257 1219 313 Unigenito3
1254 258 1463 301 desistens
1496 263 1546 303 al)

108 334 363 390 inquirendo
393 335 533 391 potius
564 336 618 378 ob
652 336 741 391 ejus
786 346 925 379 ortum
962 339 1205 381 accendaris
1236 352 1401 390 amore,
1432 354 1548 384 euni-

107 428 189 470 que
215 416 439 458 admirare.

168 497 346 539 Tribuas
393 497 451 538 illi
499 500 717 550 proprium-
751 497 842 553 ejus
882 498 1158 547 miraculum,
1200 501 1296 555 quia
1344 502 1424 544 uisi
1469 504 1546 559 ipsi

108 585 342 634 competat,
377 578 625 621 miraculum
662 579 783 635 plane
814 592 899 622 non
928 580 1030 629 erit;
1064 580 1223 635 tibique
1250 595 1392 625 sumas
1423 585 1549 628 silen—

108 659 237 707 tium,
268 660 609 714 quandoquidem
644 661 810 704 brevior
844 669 908 703 est
943 674 1083 704 sermo
1125 670 1222 705 tuus
1252 677 1375 719 quam
1418 674 1461 707 ut
1496 667 1546 709 ad

104 752 200 783 euin
231 741 452 797 pertingat.

167 825 294 879 Virgo
323 825 518 879 concepit
545 838 641 867 eum
660 858 669 874 ,
698 833 740 868 et
769 826 883 882 virgo
915 827 1050 869 adhuc
1081 835 1171 870 erat
1202 837 1421 885 postquam
1450 845 1546 876 euni

108 907 341 962 peperisset
372 923 381 949 :
416 915 674 963 quapropter
703 920 857 951 nomen
889 907 980 964 ejus
1008 918 1070 951 est
1102 910 1401 962 Admirabilis‚
1434 917 1545 970 quod

103 989 304 1045 explicari
341 989 502 1044 nequit.

165 1071 281 1112 Inter
313 1070 481 1113 dolores
514 1070 766 1127 genitricum
798 1078 840 1113 et
875 1072 1122 1124 infantium,
1155 1083 1292 1117 servat
1332 1075 1390 1118 illi
1422 1078 1544 1135 virgi-

106 1152 215 1195 nalia
246 1166 347 1204 sua,
379 1153 488 1196 sicut
519 1153 640 1196 audis
674 1160 716 1196 tu
748 1155 819 1209 qui
849 1157 952 1197 illud
988 1157 1122 1198 adhuc
1149 1157 1386 1212 ignorabas.

165 1234 207 1278 Si
248 1234 374 1278 modo
414 1235 456 1277 in
495 1235 633 1278 anima
675 1242 742 1278 tua
780 1236 926 1279 suisset
963 1237 1187 1281 admiratio
1220 1239 1343 1290 fidei,
1379 1241 1466 1285 haec
1507 1251 1545 1285 te

104 1317 327 1361 admiratio
347 1331 368 1361 a
390 1317 530 1360 dubiis
555 1326 764 1361 servasset
788 1318 1037 1362 immunem.
1059 1320 1102 1363 Si
1126 1324 1521 1377 compreliendisses
1537 1359 1546 1373 ‚

107 1416 237 1459 quare
275 1403 402 1446 isaias
437 1404 646 1447 vocaverit
680 1416 776 1446 eum
822 1404 1151 1455 Admirabilem‚
1187 1407 1417 1451 admiratus
1453 1409 1553 1452 fuis-

105 1499 173 1530 ses
203 1487 342 1543 potius
371 1500 495 1544 quam
523 1494 736 1530 scrutatus
765 1488 1054 1544 Unigenitum.
1086 1490 1369 1545 virginalibus
1414 1492 1546 1549 siguis

104 1573 346 1625 insiqnitum
387 1580 427 1614 et
464 1572 571 1614 lacte
622 1572 791 1627 plenum
844 1582 934 1615 erat
977 1586 1129 1630 corpus
1178 1575 1456 1626 beatissimae,
1506 1585 1548 1619 et

104 1661 325 1710 propterea
355 1653 465 1695 lilius
495 1652 586 1709 ejus
620 1654 893 1696 Admirabilis
921 1662 986 1697 est
1016 1655 1249 1698 scientibus
1282 1655 1413 1698 illum.

163 1735 207 1778 Si
228 1735 487 1778 admirabilis
522 1742 585 1778 est
617 1735 728 1790 ipse,
765 1737 910 1791 utique
941 1744 981 1779 te
1006 1737 1124 1780 valde
1152 1738 1318 1780 excedit
1352 1739 1424 1781 viae
1457 1739 1547 1795 ejus

106 1816 329 1868 nobilitas;
374 1816 408 1859 si
456 1829 554 1859 vero
587 1816 796 1872 explicare
830 1830 976 1873 posses
1013 1819 1227 1874 quomodo
1264 1820 1317 1862 sit
1356 1821 1549 1876 genituS,

105 1910 370 1954 nequaquam
401 1898 510 1940 foret
536 1898 826 1941 Admirabilis.

164 1979 270 2022 Tum
304 1979 346 2021 in
380 1987 612 2034 conceptu,
646 1987 734 2021 tum
771 1979 814 2021 in
852 1988 971 2035 partu
1017 1988 1150 2022 mater
1194 1980 1284 2036 ejus
1327 1991 1543 2037 permanet

105 2062 245 2119 virgo,
274 2075 321 2104 ac
355 2061 449 2104 ideo
477 2061 675 2103 convenit
710 2061 787 2117 ipsi
822 2075 977 2105 nomen
1016 2075 1100 2117 quo
1141 2075 1191 2105 eo
1223 2075 1372 2106 omnes
1407 2066 1547 2120 appel-

104 2144 239 2187 larent
287 2151 423 2186 totum
472 2143 793 2186 Ailmirabilem.
844 2143 1035 2187 Claustra
1082 2145 1299 2201 virginalia
1350 2146 1547 2201 reperiit,

104 2240 234 2282 quum
259 2226 368 2282 apud
402 2225 516 2268 illam
552 2226 901 2282 gloriosissimam
937 2235 1049 2269 esset
1072 2227 1337 2279 diversurus;
1371 2227 1546 2283 ejusque

106 2318 299 2360 uterum,
336 2309 695 2365 quemadmodum
728 2309 997 2366 obsignatum
1038 2310 1231 2365 reperiit,
1273 2311 1328 2352 ita
1362 2311 1546 2367 reliquit.

169 2391 333 2434 Divitiis
372 2392 585 2434 cumulata
643 2391 719 2434 t'uit
779 2391 860 2433 filia
897 2391 1101 2447 inopum,
1139 2404 1190 2434 ex
1228 2405 1312 2446 quo
1353 2399 1542 2448 tempore

104 2473 173 2516 ille
221 2474 261 2515 iu
296 2487 343 2517 ea
390 2473 615 2523 habitavit3
670 2480 830 2515 tantum
880 2473 998 2515 abest
1044 2481 1088 2515 ut
1132 2473 1428 2529 pauperiorem
1472 2483 1543 2517 aut

105 2557 302 2612 quopiam
336 2555 588 2598 deteriorem
619 2568 711 2597 eam
740 2554 926 2598 effecerit
954 2554 1065 2596 filius
1093 2554 1343 2598 ditissimus.

165 2638 277 2681 Nova
315 2637 631 2694 pulchritudine
659 2644 805 2680 ornata
842 2637 918 2679 fuit
956 2636 1259 2680 formosissima
1294 2636 1516 2680 mulierum
1538 2672 1547 2688 ‚
