1931 3239
515 173 681 200 CARMEN
707 174 719 200 1
746 175 794 201 DE
821 175 855 200 n.
883 175 919 200 v,
948 176 990 201 M.
1409 167 1473 201 225

104 262 272 306 Certum
301 270 365 305 est
389 262 541 306 Filium
573 277 668 307 eum
700 278 792 308 esse
823 278 947 322 quem
977 279 1125 309 omnes
1147 266 1291 309 mundi
1326 279 1473 322 capere

41 358 126 389 non
162 353 365 402 possunt,
402 347 572 390 Mariam
609 361 707 391 vero
741 361 832 391 eam
865 363 944 405 qua
982 350 1093 393 inter
1128 358 1249 393 natos
1284 363 1368 393 non
1407 357 1472 393 est

41 427 186 484 major.

101 510 325 554 Purificata
356 511 491 554 fuerat
521 511 631 554 sicut
665 512 852 567 praeclari
886 512 960 555 viri
996 514 1211 556 ,Iohannes
1244 521 1285 556 et
1315 514 1471 557 Johan-

42 606 116 637 nes
137 596 261 643 alter,
284 593 397 636 Elias
419 602 461 636 et
484 593 779 637 Melchisedek.
806 593 871 637 Ad
896 595 1007 637 hunc
1031 595 1182 638 horum
1207 595 1469 639 excelsorum

41 675 216 732 gradum
252 675 406 718 virtute
445 675 660 726 ascendit,
701 684 739 719 et
772 682 858 719 tuni
895 676 1002 720 Filio
1038 684 1186 720 sancto
1218 677 1259 719 in
1293 686 1470 721 matrem

42 756 118 799 suit
142 755 288 799 electa.

100 836 179 880 Ubi
211 836 262 879 ad
297 836 524 879 terminum
563 849 697 893 usque
731 838 993 881 excellentiae
1032 839 1073 881 in
1118 839 1257 882 anima
1296 852 1370 882 sua
1407 853 1474 883 ac-

42 920 256 969 cessisset,
289 927 379 963 tum
409 920 579 963 demum
608 920 650 962 in
687 921 776 977 ipsa
803 921 935 978 gratia
971 921 1063 964 sine
1101 922 1284 965 termino
1314 921 1474 965 habita-

42 1003 112 1045 vit.
148 1002 253 1046 Cum
289 1001 464 1046 vidisset
502 1002 709 1045 Dominus
750 1015 843 1046 eam
882 1003 998 1046 omni
1041 1003 1278 1046 sanctitatis
1322 1003 1474 1047 decore

43 1097 135 1128 esse
161 1084 389 1141 repletam,
421 1084 462 1126 in
498 1091 614 1127 casto
642 1084 774 1139 ipsius
805 1084 899 1127 sinu
936 1092 1080 1128 sancte
1108 1084 1238 1127 voluit
1274 1085 1476 1129 habitare.

103 1277 249 1333 ltaque
278 1276 474 1332 angelum
507 1287 559 1319 ex
596 1275 832 1319 coelestium
866 1275 1105 1332 legionibus
1141 1276 1374 1332 ablegavit,
1404 1278 1475 1333 qui

43 1358 174 1402 heatae
200 1365 242 1401 et
276 1357 633 1414 praestantissimae
664 1357 814 1414 virgini
844 1357 1039 1400 nuntium
1075 1357 1256 1401 afferret.
1287 1357 1474 1415 Surgens

46 1440 237 1492 Gabriel,
264 1453 456 1484 summus
482 1441 747 1483 exercituum
778 1440 883 1489 dux,
912 1440 1132 1484 descendit
1160 1440 1210 1483 ad
1239 1453 1346 1492 eam,
1367 1441 1476 1484 sicut

45 1522 199 1565 missus
231 1523 366 1566 fuerat
397 1523 448 1565 ab
486 1522 732 1574 Altissim03
762 1522 831 1565 illa
871 1535 1054 1579 namque
1090 1522 1177 1565 sola
1208 1536 1360 1580 magno
1397 1524 1475 1567 hoc

45 1605 244 1664 mysterio
272 1605 397 1662 digna
430 1612 542 1655 erat,
575 1618 667 1660 quae
695 1605 856 1649 visione
893 1605 1031 1648 divina
1062 1605 1231 1662 dignata
1264 1606 1401 1650 fuerit.

107 1893 153 1935 ln
181 1892 442 1957 orationilius
459 1923 469 1943 ,
497 1890 541 1932 iu
568 1889 811 1934 sinceritate
840 1897 882 1934 et
909 1889 1180 1947 simplicitate
1205 1890 1333 1934 Maria
1362 1904 1475 1935 reve-

48 1975 246 2018 lationem
273 1974 380 2017 lianc
407 1971 668 2029 spiritualem
699 1972 882 2027 accepit;
910 1972 998 2028 ipsa
1025 1972 1179 2029 quippe
1209 1980 1352 2016 sancta
1387 1982 1476 2016 erat

49 2064 91 2100 et
129 2064 246 2100 stans
284 2054 535 2098 mirabunda
574 2066 720 2097 corum
765 2054 877 2104 Deo,
916 2054 1076 2097 orando
1110 2067 1182 2098 cor
1218 2068 1341 2098 suum
1379 2063 1476 2098 ante

49 2138 185 2195 ipsum
216 2151 311 2181 cum
344 2149 487 2181 amore
516 2136 772 2180 effundebat.

100 2534 130 2556 v.
155 2523 233 2556 218.
259 2523 294 2554 ln
320 2522 402 2555 cod.
424 2521 486 2554 117
515 2530 522 2553 ε
550 2528 608 2550 ιω
633 2513 706 2556 hub
734 2512 792 2558 232?
829 2512 985 2557 κιαι-ζ
1017 2526 1094 2548 ιιι-πο
1122 2523 1190 2548 Μ
1218 2510 1290 2560 ἰμ
1319 2525 1370 2557 qen
1398 2525 1479 2566 <20

100 2618 129 2640 v.
156 2608 234 2640 219.
262 2606 342 2639 cod.
370 2606 433 2638 117
456 2615 463 2636 :
496 2599 667 2651 lde-2⁴21?

1260 2684 1300 2712 29
