1931 3239
314 209 378 242 338
947 213 1109 240 THESES.

316 318 465 366 relata,
513 324 625 358 recte
665 315 887 358 coniicitur
934 314 1211 357 voluntariam
1257 320 1524 368 peccatorum
1568 326 1743 356 suorum

313 387 625 431 accusationem
652 400 674 428 a
707 386 938 442 poenitente
969 384 1249 440 praestandam
1279 384 1328 426 ad
1358 384 1459 426 illud
1483 384 1577 440 jure
1604 384 1746 426 divino

314 459 539 515 pertinere.
593 458 726 500 Porro
778 470 829 500 ex
876 468 922 499 ea
973 455 1205 511 disciplinae
1256 454 1575 505 immutatione,
1620 468 1745 510 quam

312 530 467 574 saeculo
511 531 561 572 IV
605 529 847 572 Nectarium
897 527 1406 583 constantinopolitanum
1452 526 1494 568 in
1526 526 1748 570 ecclesiam

313 615 431 644 snam
477 600 696 643 induxisse
735 613 787 642 ex
822 599 994 642 Socrate
1037 597 1082 655 (1)
1117 605 1158 641 et
1206 598 1441 641 Sozomeno
1476 596 1523 653 (a)
1559 605 1749 646 constat,

316 686 533 730 perperam
570 672 689 715 abusi
724 679 822 714 sunt
862 671 1059 715 Calvinus
1099 670 1278 725 aliique,
1320 677 1364 712 ut
1394 669 1622 725 probarent
1652 681 1750 711 con-

314 744 542 787 fessionem
576 742 950 792 sacramentalem,
982 741 1022 783 in
1056 741 1242 783 Ecclesia
1273 740 1476 783 catholica
1507 741 1747 796 vigentem,

316 829 400 859 non
425 829 517 858 esse
539 815 620 857 nisi
644 814 956 857 institutionem
980 813 1230 863 humanam,
1257 812 1474 854 hominum
1498 811 1749 854 anctoritate

315 888 510 944 usurpari
552 894 733 943 coeptam
773 886 1080 940 hominumque
1115 884 1285 927 decreto
1321 883 1544 926 sublatam.

947 1017 1111 1058 LXVII.

378 1121 412 1163 E
450 1120 616 1163 concilii
646 1117 882 1162 Tridentini
920 1117 1026 1160 Sess.
1061 1117 1170 1167 XIV,
1199 1130 1287 1170 cap.
1321 1119 1349 1159 4
1396 1116 1561 1158 firmum
1596 1114 1753 1171 petitur

316 1199 613 1249 argumentum
646 1204 729 1246 quo
759 1189 920 1233 attritio
947 1189 1261 1232 demonstretur
1293 1200 1387 1231 esse
1427 1187 1641 1230 sufficiens
1668 1186 1752 1229 dis-

317 1265 471 1322 positio
505 1264 555 1307 ad
589 1270 852 1319 peccatorem
895 1274 989 1303 cum
1028 1262 1114 1304 Deo
1150 1261 1191 1303 in
1230 1266 1496 1303 sacramento
1538 1258 1751 1302 Poeniten-

319 1338 386 1380 tiae
419 1335 792 1381 reconciliandum.

949 1467 1131 1509 LXVIII.

381 1570 554 1615 Attritio
604 1569 655 1612 ad
719 1567 1010 1611 remissionem
1075 1573 1342 1623 peccatorum
1398 1565 1440 1607 in
1489 1571 1754 1608 sacramento

321 1642 590 1688 Poenitentiae
618 1640 818 1696 requisita
848 1639 1064 1682 includere
1085 1639 1211 1682 dehet
1235 1637 1497 1694 propositum
1524 1638 1690 1679 firmum
1714 1643 1755 1680 et

320 1718 466 1761 efficax
499 1727 582 1757 non
626 1712 828 1769 peccandi
867 1713 919 1755 de
956 1719 1134 1761 caetero,
1177 1724 1251 1766 per
1284 1723 1330 1753 se
1364 1710 1576 1764 loquendo
1609 1709 1754 1753 efficax

321 1798 362 1833 et
398 1788 596 1837 formale,
621 1793 747 1841 atque
780 1785 1016 1828 universale
1046 1791 1238 1840 respectu
1271 1782 1527 1826 mortalium.

966 1920 1110 1960 LXIX.

385 2024 622 2080 Opinamur
640 2022 800 2065 licitum
825 2032 918 2062 esse
943 2017 1152 2062 sacerdoti
1175 2017 1392 2060 absolvere
1415 2016 1493 2059 sub
1512 2015 1756 2059 conditione

324 2095 626 2139 moribundum
661 2092 937 2136 christianum
956 2123 965 2141 ‚
991 2103 1074 2133 non
1102 2089 1237 2132 solum
1261 2102 1356 2132 eum
1378 2087 1448 2143 qui
1475 2095 1597 2130 antea
1626 2087 1757 2130 chris-

325 2169 438 2211 tiane
468 2167 568 2210 vixit
596 2174 636 2209 et
664 2178 777 2208 nunc
803 2164 999 2207 sensibus
1030 2162 1259 2205 destitutus
1289 2169 1381 2211 est,
1403 2160 1478 2203 sed
1505 2173 1601 2205 eum
1628 2160 1755 2204 etiam

325 2240 397 2295 qui
427 2239 467 2282 in
499 2239 593 2295 ipso
621 2246 716 2281 actu
748 2236 908 2293 peccati
947 2234 1143 2278 sensibus
1174 2232 1435 2276 destituitur.

984 2371 1107 2411 LXX.

387 2474 437 2516 Vi
470 2480 711 2517 contractus
747 2484 862 2515 mere
892 2470 1024 2514 civilis
1053 2469 1198 2525 nequit
1230 2469 1340 2512 inter
1373 2467 1626 2512 christianos
1656 2480 1756 2511 con-

373 2612 416 2653 (i)
443 2611 515 2643 Lib.
542 2611 582 2648 V,
608 2618 680 2651 cap.
707 2609 760 2641 19.

374 2669 419 2710 (2)
445 2668 519 2700 Lib.
547 2667 623 2707 vlt,
650 2675 724 2708 cap.
757 2666 810 2698 16.
