1931 3239
392 194 433 227 94
1015 199 1140 226 CAPUT
1168 200 1191 225 1.

453 293 575 345 Quod
605 294 711 336 hanc
736 292 1022 334 narrationem
1047 291 1225 340 attinet,
1254 291 1339 333 Jos.
1361 290 1463 334 Sim.
1485 292 1745 334 Assemanus
1774 292 1820 347 (1)

396 377 443 408 ea
467 377 560 407 sese
579 364 749 420 expedit
772 363 953 406 dicendo
974 379 992 402 ει
1014 363 1092 405 boc
1110 362 1160 405 ad
1181 362 1363 404 adultam
1383 362 1526 405 Jacobi
1546 370 1709 404 aetatem
1730 375 1822 405 esse

396 453 415 476 ι(
446 435 780 485 ΓεΐθιῈυόιιηη»
826 447 910 489 quo
956 433 1126 488 quidem
1164 433 1400 488 explicandi
1443 433 1568 476 modo
1601 433 1823 476 difficultas

394 506 509 548 nullo
543 505 713 561 negotio
742 505 989 561 seponitur,
1020 504 1091 547 sed
1126 517 1209 547 non
1245 518 1362 560 aeque
1392 505 1538 547 horum
1569 504 1823 559 scriptorum

392 576 733 631 interpretationi
771 576 814 617 fit
835 575 952 618 satis.
979 576 1183 618 Praeterea
1208 575 1477 617 doctissimus
1496 583 1642 618 auctor
1671 589 1824 629 aquam

393 650 638 691 benedictam
683 661 704 690 a
744 647 901 690 „Iacobo
944 647 1136 688 haustam
1189 647 1316 688 fuisse
1359 646 1571 688 immerito
1618 646 1823 693 aestimat,

391 721 478 763 imo
513 720 647 776 ipsius
683 727 825 762 textus
856 719 1003 775 syriaci
1042 718 1223 761 versioni
1255 731 1399 761 vocem
1428 732 1582 772 aquam
1607 730 1824 773 perperam

392 792 635 841 interserit,
658 791 927 834 antecedenti
953 790 1271 845 comparatione
1304 790 1443 831 forsan
1477 789 1704 844 deceptus;
1729 788 1826 830 hinc

395 863 520 905 etiam
555 864 595 904 in
626 862 814 918 subjecta
848 869 945 904 nota
984 861 1247 911 difficultati,
1283 873 1363 915 qua
1401 867 1546 902 contra
1582 858 1748 914 Georgii
1786 865 1827 900 et

395 934 608 991 Anonymi
650 934 943 976 auctoritatem
979 932 1203 987 objiciatur
1234 944 1351 986 aquae
1382 930 1749 978 benedictionem,
1784 930 1824 971 in

395 1006 500 1048 festo
546 1005 791 1061 Epiphaniae
839 1004 1097 1051 faciendam,
1135 1003 1284 1045 seriori
1327 1010 1489 1044 tantum
1530 1009 1651 1044 aetate
1696 1001 1825 1043 fuisse

395 1076 656 1125 institutam,
690 1076 823 1118 fusius
856 1075 1066 1124 occurrit3
1100 1074 1170 1116 sed
1210 1075 1286 1116 hoc
1326 1073 1465 1115 inutili
1495 1073 1617 1129 plane
1655 1072 1824 1121 labore,

394 1147 603 1202 siquidem
651 1147 703 1189 de
744 1160 850 1202 aqua
896 1146 1008 1188 nulla
1050 1146 1093 1186 lit
1146 1144 1317 1187 mentio.
1361 1144 1515 1186 Contra
1573 1142 1826 1185 narrationis

395 1226 620 1262 contextus
661 1218 836 1260 omnino
872 1217 1020 1259 suadet
1063 1229 1303 1259 sermonem
1347 1228 1440 1258 esse
1473 1216 1523 1258 de
1555 1218 1640 1268 ipso
1673 1216 1828 1257 Christi

396 1292 560 1333 Domini
579 1292 778 1342 sanquine
801 1289 842 1331 in
874 1289 1001 1332 calice
1021 1296 1222 1331 contento
1245 1303 1253 1330 :
1285 1288 1538 1331 describitur
1556 1287 1715 1330 scilicet
1741 1294 1826 1329 tota

396 1375 523 1406 sacrae
565 1361 745 1418 liturgiae
794 1361 929 1410 actio,
973 1360 1154 1401 maxime
1199 1366 1340 1401 autem
1388 1358 1596 1401 invocatio
1643 1358 1827 1413 Spiritus

397 1433 558 1483 sancti,
601 1446 726 1487 quam
771 1431 882 1486 apud
927 1430 1083 1487 Syros,
1135 1429 1192 1471 uti
1243 1430 1284 1471 in
1338 1429 1509 1484 reliquis
1556 1428 1826 1472 orientalium

398 1504 587 1548 ecclesiis
608 1536 619 1555 ‚
651 1502 741 1546 fieri
782 1502 1054 1545 consuevisse
1095 1499 1363 1543 notissimum
1398 1507 1462 1542 est
1497 1500 1557 1557 (2).
1596 1501 1827 1549 Praeterea,

400 1576 578 1619 traditur
614 1575 752 1617 infans
797 1573 938 1616 divino
981 1573 1185 1615 instinctu
1224 1572 1514 1614 adorationem
1557 1570 1827 1620 exhibuisse,

398 1660 491 1702 quae
531 1646 676 1702 utique
712 1658 831 1701 aquae
865 1644 1099 1688 benediciae
1132 1644 1453 1699 haudquaquam
1488 1642 1699 1684 tribuitur.

457 1720 567 1763 Sane
611 1731 677 1761 res
716 1719 803 1774 ipsa
844 1729 936 1772 quae
980 1724 1199 1765 narratur,
1240 1715 1274 1757 si
1321 1715 1511 1757 intimius
1550 1714 1830 1769 inspiciatur,

399 1792 500 1835 nibil
528 1791 699 1834 absurdi
731 1789 950 1833 continere
979 1789 1167 1839 videtum
1202 1801 1284 1830 non
1315 1795 1377 1830 est
1404 1800 1503 1843 ergo
1533 1799 1608 1828 cur
1640 1799 1826 1829 errorem

399 1873 470 1909 aut
505 1863 708 1907 fallaciam
743 1862 1032 1917 suspicemur,
1068 1874 1204 1916 neque
1248 1860 1453 1915 potuisset
1493 1859 1663 1915 quidem
1700 1859 1829 1902 Geor·

398 1937 512 1993 gius,
547 1948 643 1977 cum
678 1948 724 1976 ea
762 1933 943 1989 primum
983 1932 1126 1975 ederet
1162 1932 1275 1974 brevi
1312 1939 1407 1986 post
1440 1931 1584 1974 Jacobi
1621 1939 1826 1980 mortem,

399 2006 640 2063 hujusmodi
695 2005 895 2061 figmento
938 2004 1203 2046 auditoribus
1244 2003 1420 2046 illudere
1468 2003 1529 2045 vel
1576 2002 1827 2052 lectoribus,

399 2078 553 2134 quibus
581 2076 845 2120 celeberrimi
867 2075 1051 2118 doctoris
1084 2075 1208 2116 vitam
1237 2074 1426 2129 apprime
1459 2074 1670 2130 cognitam
1701 2074 1828 2116 fuisse

400 2150 551 2193 merito
598 2148 834 2203 conjicitur.
880 2148 1076 2190 Ceterum
1132 2159 1215 2188 non
1259 2159 1387 2201 pauca
1433 2145 1585 2200 passim
1631 2145 1830 2201 leguntur

400 2222 442 2263 in
476 2220 571 2263 vitis
602 2228 844 2261 sauctorum
882 2231 1026 2273 parum
1062 2216 1280 2258 dissimilia
1321 2216 1469 2258 futurae
1508 2215 1723 2271 sapientiae
1758 2223 1829 2258 aut

400 2292 593 2348 specialis
628 2290 859 2334 vocationis
897 2288 1133 2344 prodigiosa
1173 2287 1352 2336 indicia,
1390 2300 1483 2341 quae
1518 2287 1569 2328 ab
1606 2288 1828 2336 omnibus,

401 2364 472 2420 qui
504 2362 682 2418 negandi
711 2360 924 2418 prurigine
958 2373 1040 2403 non
1075 2361 1291 2407 laborant,
1325 2371 1418 2401 vera
1446 2359 1654 2401 habentur
1686 2367 1726 2400 et
1757 2372 1829 2400 an-

402 2434 601 2478 theutica.

466 2564 473 2584 ι
517 2553 549 2584 B.
573 2552 609 2584 Ο.
640 2552 647 2583 Ι
699 2551 777 2584 286.

449 2553 492 2651 {a}
519 2611 579 2642 Cis.
598 2576 775 2642 Retiaudot
791 2634 799 2648 ,
822 2608 981 2651 litturqy.
1007 2608 1143 2639 oriente.
1171 2613 1252 2639 tom.
1277 2607 1324 2644 ll,
1354 2617 1384 2647 p.
1410 2606 1497 2642 605,
1519 2611 1549 2637 et
1575 2606 1634 2637 Tb.
1663 2604 1830 2646 Lainy,cle

403 2668 570 2711 Syrorum
593 2665 660 2711 fide
685 2670 759 2704 etc„
788 2677 819 2707 p.
850 2667 901 2698 Η.
