1931 3239
569 190 735 217 CARMEN
760 191 786 215 11
813 191 862 215 DE
888 191 921 215 B.
949 190 985 215 v.
1014 190 1055 215 Μ.
1452 182 1516 215 283

142 285 184 325 ln
210 295 332 325 aures
360 283 475 325 surdi
497 296 640 326 vocem
665 283 835 333 effudit,
864 296 1019 338 easque
1050 283 1237 338 aperuit3
1265 282 1516 325 illuminavit

76 376 242 418 quoque
274 364 418 406 oculos
451 364 635 407 tenebris
666 366 855 406 obductos
886 377 1044 419 eosque
1076 364 1335 406 exhilaravit.

135 445 402 488 Telonarium
446 459 540 488 cum
591 445 788 495 vidisset,
826 445 973 501 jugum
1015 445 1252 500 iniquitatis
1289 445 1340 487 ab
1377 445 1509 500 ipsius

74 527 181 571 collo
212 528 442 584 confregit,
471 534 595 583 atque
627 527 896 583 peccatricis,
928 539 1020 582 quae
1051 527 1253 582 lacrymas
1277 526 1508 576 effuderat,

74 610 397 667 chirographum
436 610 646 653 laceravit.

135 693 337 735 Vexatum
382 692 606 748 quemdam
644 697 836 741 mutum,
872 702 1029 733 caecum
1065 697 1105 732 et
1136 703 1157 732 a
1192 689 1401 732 daemonio
1434 701 1509 743 op-

74 787 288 830 pressum,
321 774 390 830 qui
423 781 534 817 totus
565 773 744 816 sanitate
775 772 1015 828 indigebat,
1046 779 1181 815 totum
1209 771 1385 814 sanavit.

136 856 320 899 Puellam
367 856 479 899 domi
531 863 739 898 mortuam
769 855 941 910 Jamque
982 855 1023 896 in
1061 854 1122 897 via
1160 854 1208 896 ad
1250 853 1508 909 sepulturam

74 939 349 982 resuscitavit.
386 940 419 982 E
451 946 729 983 monumento
771 946 984 981 mortuum
1028 939 1241 982 foetentem
1279 949 1380 980 voce
1433 949 1508 979 sua

71 1020 279 1064 excitavit.

133 1103 235 1145 Tres
270 1102 350 1145 sibi
392 1102 434 1144 in
473 1103 538 1145 via
578 1116 652 1145 sua
686 1115 736 1145 ex
782 1102 959 1145 mortuis
1002 1109 1131 1145 testes
1174 1101 1407 1151 ordinavit,
1437 1099 1509 1155 qui

73 1193 194 1229 terrae
247 1186 554 1229 annunciarent
588 1198 685 1228 eum
725 1185 795 1241 qui
830 1185 944 1241 ipsos
978 1184 1193 1227 suscitavit
1235 1196 1328 1226 esse
1359 1183 1508 1225 Deum.

134 1268 279 1323 Itaque
314 1268 377 1310 via
422 1268 509 1310 haec
546 1275 768 1322 tantopere
812 1267 1032 1310 nobilitata
1075 1266 1174 1316 fuit,
1205 1265 1301 1321 quia
1337 1265 1406 1308 ille
1438 1265 1509 1319 qui

72 1349 121 1393 ad
169 1362 261 1393 eam
298 1350 560 1393 lustrandam
601 1349 912 1399 descendebat,
952 1350 1064 1392 Deus
1099 1356 1211 1400 erat3
1244 1360 1369 1404 porro
1399 1347 1509 1389 sicut

71 1431 190 1488 signa
214 1431 304 1487 ejus
330 1431 545 1487 totiusque
570 1431 644 1474 viae
671 1431 762 1487 ejus
788 1430 1075 1486 majestatem,
1098 1430 1154 1473 ita
1180 1442 1348 1486 quoque
1376 1428 1508 1484 ipsius

72 1515 330 1558 nativitatem
361 1515 552 1571 prodigio
583 1528 676 1558 esse
708 1515 873 1570 plenam
905 1514 1139 1557 considera.

132 1706 315 1750 Abditus
353 1713 418 1750 est
446 1707 487 1748 in
526 1706 708 1749 essentia
737 1719 834 1756 sua,
867 1705 940 1748 sed
977 1704 1301 1746 manifestantur
1331 1702 1507 1745 virtutes

71 1803 157 1833 suae
201 1789 484 1839 l'ortitudiniS,
521 1797 561 1831 et
596 1796 764 1845 oportet
799 1797 843 1831 ut
881 1802 930 1831 ex
971 1787 1206 1830 manifestis
1248 1786 1337 1842 ejus
1376 1786 1502 1829 etiam

71 1872 233 1917 occulta
263 1871 497 1915 credamus.
537 1871 662 1914 Initio
696 1872 770 1913 vite
802 1884 886 1913 non
924 1883 1045 1913 orsus
1078 1877 1141 1912 est
1170 1868 1261 1912 sine
1290 1868 1504 1925 prodigio,

72 1956 113 1998 in
154 1957 245 2009 ipsa
283 1954 562 2011 conceptione
601 1954 835 2003 inchoavit,
869 1961 911 1997 et
940 1966 1093 1995 novum
1130 1952 1296 2008 signum
1328 1952 1507 2007 patravit

72 2037 241 2093 quando
271 2035 414 2079 exivit.

133 2120 305 2164 Mariam
344 2119 385 2162 in
419 2117 565 2175 primis
605 2120 659 2162 ob
690 2121 875 2174 seipsum
913 2117 1191 2160 admiratione
1226 2115 1426 2171 replevit,
1460 2121 1506 2157 ut

70 2206 160 2248 haec
200 2205 380 2261 primum
418 2203 697 2246 admiraretur
738 2202 1067 2252 Admirabilem3
1113 2199 1292 2242 revelata
1336 2197 1413 2240 suit
1447 2197 1505 2239 illi

71 2287 133 2329 via
164 2286 308 2328 multis
335 2284 595 2328 abscondita.

132 2367 392 2411 Abscondita
427 2373 546 2409 erant
584 2365 763 2408 claustra
802 2364 1043 2420 virginalia,
1077 2370 1118 2405 et
1162 2362 1249 2416 ipsa
1283 2359 1502 2415 obstupuit

71 2451 123 2494 de
163 2462 290 2506 opere
333 2448 537 2491 inaudito.
584 2447 717 2503 Digna
755 2447 831 2489 fuit
887 2447 974 2502 ipsa
1026 2457 1118 2501 quae
1165 2444 1323 2486 videret
1368 2442 1505 2498 prodi-

72 2534 185 2590 gium
220 2533 384 2576 cunctis
410 2531 732 2581 absconditum,
757 2531 850 2585 quia
877 2529 1001 2585 digna
1036 2535 1125 2571 erat
1154 2534 1199 2569 ut
1225 2525 1344 2568 fieret
1371 2532 1504 2568 mater

73 2615 309 2659 absconditi
338 2615 390 2658 ab
425 2614 638 2657 omnibus.
672 2614 719 2656 ln
767 2613 903 2668 seipsa
951 2610 1052 2653 vidit
1092 2622 1136 2653 se
1173 2621 1265 2652 esse
1296 2607 1500 2664 virginem
