1931 3239
309 217 373 252 328
944 226 1106 253 ‘rHEsEs

938 350 1124 392 XXVIII.

371 450 574 495 Eamdem
606 463 776 507 quoque
800 463 941 494 rerum
973 451 1180 508 originem
1213 459 1417 508 perpetuo
1453 452 1505 495 ab
1542 451 1741 495 Ecclesiae

311 521 557 565 doctoribus
590 522 719 565 fuisse
747 530 1053 579 propugnatam
1085 523 1336 575 asserimus;
1366 536 1503 578 neque
1532 522 1743 578 prioribus

315 593 623 637 Christianismi
666 593 831 636 saeculis
860 594 911 636 ab
942 594 1176 637 orthodoxa
1205 594 1397 637 doctrina
1425 595 1500 636 hac
1525 593 1568 636 in
1601 606 1645 637 re
1673 593 1744 637 de-

311 664 521 708 flexerunt
547 665 740 716 Hermas,
764 665 972 717 Justinus,
996 666 1214 716 Tafianus,
1238 665 1506 722 Tlieophylus
1532 664 1744 707 antioche-

310 751 418 789 nus,
452 737 595 781 Melito
625 736 864 789 sardensis,
896 738 1106 789 Irenaeus,
1135 737 1410 795 Hyppolitus,
1442 736 1742 780 Tertullianus.

962 871 1107 912 XXIX.

375 971 480 1016 Cum
513 972 627 1015 Deus
659 972 715 1016 sit
743 973 833 1029 ipsa
859 972 1097 1029 Sapientia,
1123 971 1361 1015 necessario
1392 971 1435 1013 in
1464 969 1745 1027 productione

313 1043 460 1086 mundi
503 1050 703 1099 operatus
752 1050 816 1086 est
863 1050 1034 1099 propter
1070 1042 1222 1091 linem,
1258 1042 1329 1098 qui
1374 1041 1482 1084 alius
1522 1054 1616 1084 esse
1657 1054 1745 1084 non

314 1121 452 1171 potest
484 1114 565 1156 nisi
602 1114 666 1165 is,
698 1127 823 1170 quem
860 1115 904 1158 S.
945 1114 1162 1170 Scriptura
1192 1114 1257 1156 his
1299 1112 1436 1156 verbis
1467 1112 1744 1155 enunciavit:

318 1203 338 1227 α
360 1187 564 1230 Universa
592 1194 764 1243 propter
786 1187 1062 1242 semetipsum
1095 1193 1294 1242 operatus
1317 1192 1382 1229 est
1405 1184 1613 1228 Dominus
1633 1183 1706 1241 (1).
1723 1199 1743 1223 i>

970 1319 1097 1360 XXX.

375 1433 627 1477 Universum
655 1447 790 1491 genus
813 1436 1044 1478 humanum
1068 1435 1120 1478 ab
1144 1446 1228 1476 uno
1247 1433 1409 1476 Adamo
1434 1432 1624 1476 omnium
1649 1445 1746 1488 pro-

314 1511 535 1562 toparente
559 1514 833 1563 propagatum
863 1520 957 1550 esse
982 1507 1106 1550 docet
1129 1505 1359 1562 Apostolus
1388 1505 1478 1547 Act.
1500 1503 1636 1553 XVII,
1661 1505 1746 1553 26,

314 1576 428 1619 hisce
458 1577 596 1620 verbis
629 1592 639 1620 ε
673 1594 691 1617 ((
713 1575 857 1625 ἐποίησὲ
881 1591 922 1617 τε
945 1575 988 1626 ἐξ
1017 1575 1092 1623 ἑνὸς
1123 1577 1278 1631 αἵματος
1307 1582 1382 1617 πᾶν
1415 1569 1515 1620 ἔθνος
1542 1572 1747 1631 ἀνθρώπων

314 1656 502 1687 κατοικεῖν
530 1646 590 1688 ε’πί
615 1654 691 1688 πᾶν
720 1647 760 1688 τὸ
789 1650 982 1705 πρόσωπον
1013 1655 1076 1696 τῆς
1105 1655 1190 1704 γῆς.
1217 1664 1236 1688 ))
1260 1648 1353 1700 Quo
1384 1648 1499 1698 Ioco,
1520 1645 1632 1702 quod
1652 1647 1748 1689 atti-

317 1724 389 1760 net
415 1717 464 1760 ad
497 1717 704 1761 veriorem
734 1718 824 1774 ejus
849 1718 1097 1769 lectionem,
1132 1718 1240 1761 hanc
1264 1719 1315 1762 ab
1344 1718 1575 1774 interprete
1608 1716 1746 1772 Syro:

316 1783 384 1850 >03
419 1819 541 1865 fn<
542 1801 616 1838 ἓοο
649 1804 685 1838 et
716 1809 768 1838 ex
799 1810 883 1838 uno
910 1798 1130 1849 sanquine,
1158 1795 1297 1851 potius
1332 1807 1457 1850 quam
1491 1794 1542 1836 ab
1574 1798 1746 1836 auctoie

314 1867 536 1924 Vulgatae:
568 1882 621 1911 ew
650 1875 997 1916 uno‚se1vatam
1030 1878 1122 1909 esse
1158 1863 1502 1909 existimaverim.

960 2009 1106 2050 XXXI.

348 2125 513 2168 -Homo
562 2137 584 2167 a
635 2121 864 2166 Conditore
905 2134 983 2165 suo
1036 2121 1217 2163 donatus
1261 2126 1324 2162 est
1366 2118 1505 2162 anima
1537 2118 1747 2173 spirituali

317 2208 534 2252 nunquam
594 2194 845 2243 interitura;
900 2205 1025 2248 quam
1077 2190 1405 2233 immortalitatis
1457 2189 1579 2232 fidem
1636 2189 1747 2245 apud

320 2269 518 2324 antiquos
549 2266 751 2309 Hebraeos
788 2264 970 2321 viguisse
1011 2262 1430 2319 pseudo-philosophi
1464 2261 1606 2317 plures
1645 2261 1747 2304 falso

323 2345 549 2395 negarunt.
572 2337 739 2380 Etenim
761 2336 802 2377 in
830 2336 921 2391 ipso
944 2336 1218 2377 Pentateucho
1244 2346 1290 2376 ea
1309 2345 1401 2388 quae
1428 2333 1651 2375 exhibetur
1673 2331 1748 2374 Dei

319 2411 436 2455 notio
466 2417 508 2453 et
536 2409 711 2453 historia
739 2407 991 2458 creationis,
1022 2407 1124 2449 item
1161 2405 1424 2448 narrationes
1454 2405 1505 2448 de
1541 2403 1750 2448 defunctis

317 2483 594 2541 patriarchis,
633 2482 746 2538 leges
786 2480 941 2537 quihus
986 2487 1251 2522 mortuorum
1297 2478 1566 2521 evocationes
1611 2476 1748 2532 prohi-

316 2557 471 2600 bentur
497 2555 661 2611 aliaque
689 2561 935 2611 argumenta
971 2551 1230 2595 contrarium
1260 2557 1403 2607 aperte
1437 2550 1743 2593 demonstrant.

362 2683 405 2725 (i)
434 2681 536 2715 Prov.
562 2681 651 2721 XVI,
677 2681 709 2712 4.
