1931 3239
1519 193 1538 201 ›—

628 196 763 222 JACOBI
789 196 931 223 SARUG.
960 198 1062 223 VITA.
1527 194 1562 225 13

136 286 341 330 Dominus
366 295 589 343 praeservet
606 319 616 337 ‚
636 295 761 343 atque
785 289 835 330 ab
856 302 901 331 ea
928 288 1135 345 (ecclesia)
1160 288 1280 344 lupos
1302 298 1466 340 arceat,
1489 291 1560 346 qui

135 371 367 414 moliuntur
399 371 539 414 ovium
571 372 826 427 perniciem,
851 385 954 427 quas
990 371 1099 414 filius
1131 372 1207 416 Dei
1246 373 1450 429 sanguine
1484 387 1560 416 suo

133 454 320 510 pretioso
347 453 594 509 acquisivit,
617 467 803 509 quasque
828 453 995 495 illorum
1028 454 1220 496 manibus
1244 455 1560 498 commendatas

131 534 245 578 dedit
282 542 328 576 ut
361 547 429 577 eas
465 534 734 590 gubernent,
776 534 940 589 pascuis
976 534 1210 590 magnificis
1246 547 1292 577 ac
1327 536 1560 579 benediciis

130 617 249 672 aquis
268 616 484 666 reficiant,
514 628 713 671 sponsam
736 616 845 671 regis
868 616 1062 658 lactando
1082 629 1260 671 corpore
1291 624 1331 659 et
1357 618 1560 674 sanguine

131 711 222 753 quae
251 712 273 741 e
308 711 453 741 mensa
491 697 562 739 filii
598 698 670 740 Dei
710 698 898 752 quotidie
937 706 1178 741 sumunture

188 1006 364 1055 Venite,
407 1005 657 1048 accedamus
711 1019 850 1055 nunc,
898 1006 1046 1048 fraires
1088 1006 1169 1048 mei
1189 1039 1198 1056 ‚
1243 1006 1291 1048 ad
1338 1006 1534 1048 athletam
1552 1039 1561 1056 ,

128 1101 271 1132 senem
303 1095 486 1137 castum,
514 1096 555 1130 et
583 1096 707 1142 capul
731 1089 1045 1137 venerandum,
1080 1089 1195 1144 pium
1226 1089 1458 1139 Jacobum,
1494 1102 1563 1131 vas

128 1171 338 1221 electum,
370 1170 572 1226 templum
612 1170 794 1226 Spiritus
835 1171 967 1213 sancti
1009 1180 1050 1213 et
1087 1179 1298 1226 pastorem
1336 1185 1563 1227 magnum3

128 1253 351 1309 ipsumque
393 1252 601 1294 instanter
649 1252 938 1307 supplicemur
977 1252 1167 1295 dicentes
1215 1268 1224 1295 :
1280 1253 1400 1303 veni,
1447 1261 1565 1309 pater

128 1345 294 1386 noster,
319 1335 437 1378 visita
460 1348 629 1391 gregem
652 1336 725 1377 tihi
750 1336 801 1377 ab
822 1348 872 1378 eo
891 1336 1164 1377 commissum
1192 1336 1262 1391 qui
1287 1336 1560 1392 semetipsum

129 1432 205 1476 pro
238 1432 287 1462 eo
331 1419 484 1461 obtulit
511 1419 553 1460 in
588 1418 741 1461 vertice
765 1419 892 1474 ligni3
917 1432 1014 1462 ecce
1038 1420 1148 1462 enim
1178 1426 1217 1462 te
1246 1420 1496 1475 deprecatur
1519 1429 1565 1461 ut

129 1501 207 1558 ipsi
231 1508 405 1544 cunctas
431 1499 750 1543 henedictiones
779 1500 1036 1556 impertiaris
1063 1513 1112 1543 ex
1144 1501 1342 1544 thesauro
1369 1502 1563 1544 manibus

130 1583 238 1633 tuis,
276 1583 457 1638 inclyte,
495 1583 738 1624 commisso.

188 1816 391 1860 Retribue
424 1817 534 1859 bona
566 1817 626 1859 eis
654 1817 723 1871 qui
753 1824 947 1859 sanctum
978 1823 1096 1859 tuum
1132 1830 1286 1872 corpus
1320 1816 1564 1872 psalmodiis

128 1899 310 1956 Spiritus
340 1900 475 1943 sancti
507 1907 756 1942 veneratum
796 1907 1032 1950 venerunt,
1064 1906 1106 1942 et
1136 1899 1265 1943 redde
1300 1899 1381 1942 illis
1416 1912 1564 1942 omnes

131 1991 265 2027 rectas
300 1984 527 2040 petitiones
557 1996 731 2035 eorum;
769 1985 829 2027 sic
863 1984 976 2027 enim
1008 1990 1048 2026 te
1082 1984 1216 2034 decet,
1251 1991 1369 2039 pater
1398 1990 1562 2031 noster,

129 2068 326 2111 omnibus
357 2068 580 2124 egentibus
611 2067 811 2111 tribuere.

192 2215 373 2258 lnfirmis
396 2215 447 2258 da
467 2215 749 2259 valetudinem
774 2223 815 2258 et
832 2215 1095 2258 sanationem
1115 2230 1124 2265 ;
1162 2214 1388 2258 confractis
1412 2213 1563 2256 adhibe

131 2365 218 2397 affixi
244 2365 453 2406 pronominis
476 2370 534 2396 aut
557 2373 574 2396 a
605 2364 746 2397 librario
769 2365 953 2402 omissum,
975 2368 1010 2395 ut
1036 2363 1145 2395 omitti
1170 2367 1319 2403 poterat,
1345 2367 1403 2395 aut
1427 2362 1460 2394 in
1488 2362 1562 2394 cod.

132 2422 282 2455 deletum
308 2422 421 2454 suerii.

177 2494 206 2516 v.
236 2484 313 2516 469.
342 2484 389 2515 Ex
418 2491 521 2515 vacuo
547 2483 655 2523 spatio
682 2489 755 2524 post
782 2484 846 2515 liu.
880 2505 918 2538 K
945 2483 1072 2523 conjeci
1099 2476 1251 2523 Lam-..2
1274 2475 1347 2536 h&

176 2568 205 2589 v.
234 2558 309 2589 471.
332 2543 424 2596 ’ξεῖ-,ορ
449 2566 492 2582 =
516 2550 664 2596 Lumo?

180 2642 207 2662 v.
234 2633 312 2663 475.
331 2625 452 2673 Ἃὲὲρ
480 2643 519 2666 ex
549 2634 698 2674 vestigiis
724 2635 863 2673 conjeci.

1345 2702 1378 2727 io
