1931 3239
383 165 518 191 JACOffl
546 165 688 192 SARUG.
717 166 916 192 Doc'rfflNA
944 167 991 191 DE
1020 167 1052 191 Β.
1080 167 1115 191 v.
1142 167 1183 191 M.
1448 160 1509 193 195

77 264 115 298 et
160 255 382 298 verborum
427 268 528 297 usus
573 256 650 297 rite
688 255 1038 305 considerantur,
1079 262 1226 311 suapte
1268 256 1506 299 efflorescit.

76 327 220 381 ltaque
254 326 437 379 Spiritus
462 333 628 368 sanctus
670 329 777 368 venit
812 329 866 368 ad
900 328 1082 368 Mariam
1110 334 1155 368 uc
1181 341 1233 369 esc
1261 341 1307 369 ea
1341 330 1508 370 solveret

74 400 313 439 sententiam
348 400 531 450 primam
572 399 691 439 Hevoe
737 405 772 438 et
808 399 960 439 Adami
1000 397 1059 453 (v.
1099 401 1187 442 575
1230 399 1371 454 seq.);
1410 399 1506 442 huic

73 469 211 517 enim,
250 469 347 511 licet
387 477 529 511 sancta
573 478 684 512 esset
722 477 761 511 et
797 470 928 525 gratia
970 478 1139 513 ornata,
1175 471 1310 524 quoad
1345 471 1506 525 aliquas

73 539 337 595 poenalitates
404 540 491 595 ipsa
562 539 692 581 dubio
758 541 901 595 procul
974 540 1163 595 subjecta
1239 543 1504 592 remanebat,

72 609 412 664 quandoquidem
467 622 537 652 eas
584 623 731 652 omnes
780 610 916 665 ipsum
972 611 1156 652 Verbum
1213 611 1502 662 incarnatum,

71 681 240 736 plenum
277 682 420 737 gratiae
456 689 496 723 et
532 681 746 729 veritatis,
783 681 967 737 effugere
1003 682 1198 724 noluerit.
1236 683 1355 725 Unde
1387 684 1500 739 ipsa,

8 765 11 769 ’
65 752 150 808 jam
203 766 314 805 pura
374 759 410 794 et
465 760 635 801 sancta,
685 755 905 806 purificata
965 761 1000 794 et
1049 756 1305 807 sanctificata
1351 755 1505 797 dicitur

71 824 129 879 (v.
167 824 278 879 599)
323 824 376 866 ob
426 824 671 880 ampliorem
712 825 1008 867 charismatum
1050 825 1287 868 divinorum
1330 840 1503 870 conces-

69 895 231 937 sionem
251 929 260 945 ,
285 895 439 937 deinde
462 898 508 937 ob
538 898 793 938 abolitionem
819 899 979 938 totalem
999 909 1142 949 provee
1172 900 1502 950 concupiscentiae

70 967 130 1020 (v.
161 968 250 1009 455
283 967 453 1022 seqq.),
489 979 581 1021 quae
616 966 802 1022 alioquin
841 968 881 1007 in
918 966 1006 1021 ipsa
1039 967 1282 1009 nullatenus
1315 981 1499 1024 unquam

69 1037 242 1079 effectus
281 1050 380 1078 suos
420 1049 593 1079 exerere
630 1037 765 1092 potuit
804 1036 854 1091 (V.
894 1040 975 1079 '151
1018 1038 1184 1093 seqq.),
1222 1038 1405 1094 denique
1446 1041 1501 1083 oh

68 1108 338 1151 donationem
371 1108 574 1151 mirabilis
608 1108 917 1157 foecunditatis,
949 1122 1029 1164 qua
1067 1110 1182 1165 virgo
1215 1110 1366 1152 Filium
1401 1125 1500 1154 con-

67 1180 225 1235 ciperet
264 1188 305 1223 et
340 1187 527 1236 pareret,
569 1181 678 1223 sicut
713 1181 875 1230 Adam,
920 1193 1015 1223 curn
1052 1181 1188 1223 adhuc
1223 1181 1372 1224 animae
1409 1182 1499 1237 ejus

67 1250 283 1306 virginitas
322 1258 362 1293 et
398 1251 600 1294 sanctitas
633 1251 772 1293 illaesae
815 1251 1069 1301 manebant,
1108 1251 1264 1294 Hevam
1299 1252 1498 1307 produxit

66 1321 128 1378 (v.
157 1324 241 1364 411
276 1322 432 1378 seqq.).

126 1395 248 1446 Quod
295 1402 433 1436 autem
479 1395 530 1436 de
579 1395 863 1438 exstinctione
908 1397 1263 1452 concupiscentiae
1313 1397 1399 1441 sive
1445 1398 1496 1440 de

65 1467 293 1509 abolitione
334 1466 492 1508 fomitis
527 1466 651 1509 docet
688 1467 870 1509 Jacobus
912 1468 1032 1522 plane
1069 1468 1119 1510 iis
1157 1477 1363 1510 consonat
1403 1482 1496 1524 qnae

64 1538 104 1580 in
136 1539 243 1580 hanc
283 1551 370 1581 rem
404 1538 550 1580 scribit
578 1538 619 1581 S.
657 1538 861 1588 Thomas,
892 1547 1004 1592 part.
1039 1543 1089 1589 5,
1121 1554 1190 1593 qu.
1220 1542 1302 1589 ⁴27,
1330 1548 1411 1582 art.
1442 1543 1492 1588 5,

63 1613 106 1651 in
142 1624 251 1663 corp.
284 1628 296 1651 .-
333 1627 350 1649 a
374 1610 539 1652 videtur
576 1610 829 1660 dicendum,
859 1612 969 1666 quod
1010 1625 1081 1667 per
1115 1612 1492 1655 sanctificationem

67 1698 84 1720 «
124 1681 164 1722 in
205 1690 326 1723 utero
362 1680 519 1736 <dicam
550 1694 600 1723 ex
640 1690 781 1723 mente
814 1682 959 1724 Jacobi
995 1697 1003 1724 :
1034 1696 1106 1735 per
1137 1686 1494 1736 prceservacionem

65 1769 83 1791 «
124 1760 346 1808 a-peccato
387 1753 603 1806 oriqinali)
640 1765 723 1794 non
768 1753 891 1794 fuerit
927 1753 1118 1795 sublatus
1164 1755 1293 1796 beatae
1335 1755 1492 1810 Virgini

62 1841 79 1863 a
119 1824 250 1866 fomes
284 1823 516 1866 secundnm
549 1824 798 1872 essentiam,
828 1824 902 1866 sed
933 1825 1043 1880 quod
1080 1826 1283 1867 manserit
1311 1826 1492 1881 ligatus;

65 1911 83 1933 (t
124 1909 208 1937 non
249 1895 419 1950 quidem
468 1908 540 1950 per
591 1903 730 1936 actum
780 1895 955 1937 rationis
1010 1909 1097 1937 suae
1144 1897 1251 1938 sicut
1304 1897 1343 1938 in
1395 1897 1492 1939 viris

65 1984 84 2010 «
123 1968 304 2017 sanctis,
347 1968 442 2023 quia
490 1981 572 2009 non
610 1967 750 2009 statim
798 1968 942 2010 habuit
984 1981 1105 2009 usum
1150 1969 1266 2010 liberi
1304 1969 1492 2019 arbitrii,

65 2058 83 2079 «
118 2041 252 2083 adhuc
298 2040 337 2081 in
371 2040 698 2082 ventrematris
727 2040 938 2090 existens3
968 2041 1046 2081 hoc
1074 2041 1186 2082 enim
1217 2049 1278 2082 est
1311 2042 1492 2096 speciale

66 2129 84 2152 t(
123 2111 385 2167 privilegium
417 2110 596 2161 Christi3
629 2111 701 2153 sed
739 2124 811 2166 per
848 2111 1149 2154 abundantiam
1187 2114 1330 2167 gratiae
1366 2126 1491 2167 quam

65 2200 84 2222 «
122 2183 162 2225 in
186 2182 519 2225 sanctificatione
545 2182 716 2237 recepit,
741 2190 782 2223 et
804 2182 928 2224 etiam
955 2183 1181 2237 perfectius
1210 2196 1283 2238 per
1306 2183 1489 2225 divinam

64 2272 82 2295 α
123 2253 455 2311 providentiam,
496 2254 812 2296 sensualitatem
855 2254 945 2309 ejus
985 2255 1036 2296 ab
1085 2255 1199 2296 omni
1249 2254 1491 2299 inordinato

65 2343 83 2366 «
121 2334 239 2369 motu
279 2326 588 2381 prohibentem.
636 2325 911 2368 Postmodum
956 2338 1052 2367 vero
1092 2326 1133 2367 in
1178 2325 1264 2380 ipsa
1313 2339 1490 2383 concep-

64 2415 82 2437 «
123 2399 237 2441 tione
286 2397 423 2439 carnis
470 2397 647 2445 Christi,
685 2398 727 2439 in
771 2410 850 2452 qua
900 2397 1036 2452 primo
1088 2397 1233 2439 debuit
1285 2398 1491 2454 refulgere

65 2485 83 2508 «
123 2469 279 2523 peccati
338 2469 608 2513 immunitas,
666 2469 923 2510 credendum
980 2475 1044 2509 est
1096 2468 1205 2521 quod
1267 2481 1318 2510 ex
1375 2470 1491 2524 prole

35 2540 81 2578 '«
123 2540 418 2582 redundaverit
463 2541 503 2582 in
546 2548 747 2589 matrem,
791 2540 974 2583 totaliter
1013 2541 1157 2582 l'om'tte
1193 2541 1487 2584 substracto.»
