1931 3239
781 195 942 225 THESEs.
1509 190 1575 224 323

144 292 345 336 divinitus
382 294 651 347 institutum,
675 298 726 340 ad
750 297 932 341 divinam
966 300 1262 344 revelationem
1286 300 1327 343 in
1355 314 1429 344 sua
1461 301 1567 345 inte·

140 363 292 420 gritate
325 373 367 408 et
393 365 634 411 sinceritate
660 368 980 412 custodiendam
1023 384 1071 414 ac
1103 372 1440 428 propagandam,
1470 384 1564 416 esse

141 434 280 477 vivum
312 442 355 478 et
388 437 677 481 authenticum
708 440 1012 496 magisterium.

802 587 912 628 XIII.

199 696 373 740 Concilii
404 698 641 742 Tridentini
674 700 847 750 Patres,
882 700 1119 751 edicentes,
1154 713 1205 744 ne
1243 702 1337 757 quis
1363 718 1384 742 c<
1407 710 1553 746 contra

139 781 235 812 eum
267 783 454 821 sensum,
483 784 609 826 quem
631 772 766 815 tenuit
793 780 834 815 et
857 779 971 816 tenet
997 781 1140 816 sancta
1161 781 1294 817 mater
1314 774 1564 826 Ecclesia‚...

138 848 209 882 aut
257 841 383 884 etiam
426 850 571 885 contra
613 843 856 886 unanimem
894 857 1148 887 consensum
1196 853 1389 901 patrum,
1432 846 1565 902 ipsam

137 910 396 966 Scripturani
450 926 609 955 sacram
661 914 928 970 interpretari
978 916 1128 958 audeat
1172 914 1301 972 (1)»,
1351 929 1565 959 sacrarum

137 982 449 1040 Scripturarum
493 983 719 1042 interpreti*
752 986 886 1043 legem
937 994 1204 1038 statuerunt,
1250 1000 1343 1042 quae
1395 995 1558 1030 tantum

137 1056 256 1107 abest
291 1063 335 1098 ut
377 1056 436 1098 illi
472 1057 514 1099 in
560 1071 634 1100 sua
679 1058 847 1115 exegesi
889 1058 1049 1101 adserat
1091 1058 1475 1115 impedimentum,
1521 1065 1566 1102 ut

136 1136 283 1172 contra
301 1142 454 1186 magno
474 1129 532 1172 illi
560 1129 614 1173 sit
632 1129 681 1173 ad
703 1138 860 1174 rectam
882 1130 1276 1186 interpretationem
1298 1130 1558 1186 adjumento.

797 1287 904 1327 XIV.

197 1396 415 1454 Vulgatam
445 1404 585 1441 autem
614 1398 850 1441 versionem
885 1398 1012 1441 iidem
1053 1399 1198 1442 Patres
1228 1412 1314 1441 non
1351 1412 1400 1442 eo
1431 1411 1557 1442 sensu

133 1469 400 1512 declararunt
440 1472 748 1521 authenticam,
796 1477 843 1512 ut
871 1470 1114 1526 negaverint
1152 1470 1194 1512 in
1226 1470 1312 1513 ullo
1359 1470 1561 1513 vocabulo

130 1540 212 1583 labi
247 1541 435 1597 potuisse
463 1541 771 1597 interpretem;
811 1541 884 1584 sed
914 1548 1080 1584 eatenus
1111 1543 1238 1584 voluit
1270 1555 1360 1583 eam
1386 1545 1558 1584 authen-

130 1614 254 1655 ticam
289 1614 448 1662 haberi,
497 1613 635 1656 verbis
666 1621 762 1655 utor
793 1612 974 1655 Andreae
1008 1613 1129 1668 Vegae
1163 1611 1209 1668 (2)
1231 1644 1241 1662 ‚
1272 1612 1343 1668 qui
1379 1612 1555 1655 Triden-

132 1683 222 1726 tino
253 1684 441 1727 Concilio
467 1683 680 1734 interfuit,
710 1691 754 1726 αι
788 1691 941 1726 certum
976 1686 1164 1726 omnibus
1199 1691 1298 1726 esset
1325 1686 1437 1726 nullo
1468 1697 1559 1727 eam

132 1758 331 1810 faedatam
361 1770 524 1807 errore,
551 1770 603 1799 ex
630 1770 710 1810 quo
740 1759 1017 1810 perniciosum
1052 1759 1220 1810 aliquod
1247 1758 1394 1809 doqma
1416 1759 1460 1798 in
1487 1758 1560 1809 fide

133 1836 170 1870 et
205 1829 387 1870 moribus
416 1829 547 1880 colliqi
575 1830 734 1880 possit,
769 1835 890 1882 atque
917 1830 1004 1871 ideo
1036 1830 1180 1883 adjecit
1208 1846 1220 1870 .·
1249 1842 1299 1871 ne
1323 1831 1414 1882 quis
1446 1831 1561 1871 illam

132 1901 274 1953 quovis
294 1906 502 1952 proeceaetu
522 1901 683 1953 rejicere
703 1901 883 1942 auderet.

812 2055 900 2096 XV.

194 2168 384 2224 Vulgatae
406 2174 560 2210 nostrae
591 2167 809 2223 pericopas
835 2166 979 2221 (Marc.
996 2165 1117 2214 XVI,
1155 2166 1289 2215 9-20,
1320 2165 1410 2206 Joh.
1438 2164 1481 2214 V,
1503 2166 1558 2214 45

131 2240 223 2282 Joh.
266 2239 359 2289 Vll,
396 2240 595 2289 55-V1H‚
630 2238 735 2295 11),
764 2251 867 2294 quas
901 2236 1244 2280 Tischendoriius
1278 2235 1322 2278 in
1362 2235 1558 2279 editioni-

133 2310 213 2354 bus
239 2310 326 2353 suis
353 2311 450 2353 novi
482 2310 722 2354 testamenti
757 2309 799 2351 in
836 2316 997 2353 textum
1032 2321 1116 2351 non
1146 2307 1325 2363 recepit,
1361 2319 1560 2362 quarum-

134 2397 216 2440 que
260 2383 581 2427 conservatione
627 2390 929 2426 nocumentum
979 2381 1290 2438 evangeiiorum
1334 2379 1560 2423 authentice

196 2522 207 2543 1
249 2512 335 2544 Sess.
365 2511 405 2543 IV
426 2511 446 2543 Ι.
467 2520 496 2543 c.

181 2512 225 2612 {a}
253 2569 334 2602 Vide
345 2569 394 2602 Jo.
410 2570 565 2601 Marianae
577 2577 596 2601 e
608 2569 683 2601 Soc.
696 2569 773 2601 Jesu
792 2567 974 2601 Tractacus
991 2565 1073 2600 VII.
1087 2566 1235 2600 cotoniae
1250 2564 1441 2605 Angppinae
1458 2563 1559 2596 1609.

138 2627 251 2661 Tracc.
276 2628 319 2667 Ξ,
348 2637 423 2669 cap.
454 2626 550 2666 XXI,
572 2637 653 2670 pay.
682 2628 742 2659 101
773 2636 844 2670 sqq.
