1931 3239
492 684 1083 839 PRAEFATIO.

138 1228 288 1286 Operis
312 1227 434 1285 hujus
456 1227 498 1271 in
522 1227 668 1271 limine
687 1239 817 1284 pauca
837 1226 1029 1283 quaedam
1051 1225 1349 1283 praemonenda
1383 1224 1509 1275 duxi,

77 1325 229 1382 quibus
258 1325 348 1382 ejus
385 1324 577 1377 occasio,
618 1323 843 1369 consilium
875 1331 917 1368 et
949 1331 1248 1381 argumentum
1280 1323 1508 1368 lectoribus

77 1421 183 1464 meis
212 1420 467 1476 aperiantur.

136 1513 326 1569 Adeptus
368 1512 496 1570 igitur
538 1512 581 1555 in
628 1512 737 1556 alma
779 1519 923 1556 nostra
972 1512 1225 1555 Lovaniensi
1282 1511 1509 1556 Academia

77 1604 257 1648 licentiae
293 1605 499 1662 gradum,
548 1594 843 1661 mecum'ipse
881 1604 1065 1662 cogitare
1113 1604 1248 1661 coepi,
1287 1617 1513 1661 quamnam

76 1696 385 1742 dissertationis
406 1730 416 1749 ,
456 1711 530 1755 pro
565 1711 683 1742 more
719 1696 929 1754 maj0rum
964 1697 1199 1741 scribendae
1233 1697 1285 1741 ad
1319 1710 1509 1742 summos

72 1789 116 1833 in
149 1790 192 1834 S.
224 1791 451 1848 Theologia
485 1792 669 1834 honores
705 1790 987 1841 obtinendos,
1019 1790 1242 1834 materiem
1276 1789 1378 1834 mihi
1411 1790 1509 1835 seli-

72 1895 229 1939 gerem.
271 1884 435 1928 Interea
475 1897 573 1928 vero
613 1884 792 1942 contigit
835 1891 882 1928 ut
930 1884 1138 1928 beneficio
1181 1884 1506 1929 eminentissimi

72 1977 299 2034 principis,
323 1978 365 2022 S.
385 1979 436 2022 R.
459 1979 506 2022 E.
528 1992 769 2023 CARDmAms
793 1979 1014 2031 STERch,
1038 1979 1345 2036 archiepiscopi
1369 1980 1507 2024 Mech-

73 2070 280 2123 liniensis,
303 2073 481 2124 Romam
507 2074 713 2119 mitterer.
734 2073 870 2127 Quam
893 2075 947 2118 ob
972 2087 1076 2127 rem,
1100 2074 1164 2118 lll.
1187 2075 1225 2118 J.
1243 2075 1320 2118 ΤΗ.
1336 2075 1506 2119 BEELEN

74 2171 116 2209 et
147 2165 224 2208 Ex.
257 2166 334 2210 ΤΗ.
364 2167 401 2211 J.
443 2167 586 2219 LAMY,
624 2175 907 2225 praeceptores
939 2167 1021 2212 mei
1054 2166 1372 2219 colendissimi,
1409 2181 1506 2212 auc-

73 2263 186 2302 tores
218 2258 320 2302 mihi
359 2260 530 2304 fuerunt
569 2267 615 2304 ut
651 2260 824 2318 syriacis
859 2260 1176 2313 monumentis,
1215 2272 1308 2317 quae
1351 2274 1504 2319 magno

73 2367 251 2400 numero
284 2357 327 2400 in
350 2357 462 2401 Urbe
495 2365 791 2410 asservantur,
828 2371 1000 2416 operam
1038 2371 1175 2403 meam
1213 2358 1503 2416 impenderem

73 2456 115 2492 et
142 2462 193 2492 ex
224 2450 285 2493 eis
315 2451 517 2494 nonnulla
548 2451 804 2509 evulgarem.

133 2543 241 2587 Huic
270 2557 346 2601 ego
381 2545 557 2589 consilio
596 2559 756 2590 morem
795 2558 946 2603 gerens
967 2577 977 2597 ,
1009 2545 1181 2598 Romae,
1217 2545 1318 2590 dum
1354 2553 1503 2593 caetera

73 2634 164 2692 ejus
195 2649 406 2680 sacrarum
446 2638 764 2695 disciplinarum
799 2638 1043 2696 adjumenta
1080 2650 1166 2683 non
1209 2637 1502 2696 negligebam,

1238 2713 1259 2753 b
