<?xml version="1.0" encoding="UTF-8"?>
<!DOCTYPE html PUBLIC "-//W3C//DTD XHTML 1.0 Transitional//EN"
    "http://www.w3.org/TR/xhtml1/DTD/xhtml1-transitional.dtd">
<html xmlns="http://www.w3.org/1999/xhtml" xml:lang="en" lang="en">
 <head>
  <title>
</title>
<meta http-equiv="Content-Type" content="text/html;charset=utf-8" />
  <meta name='ocr-system' content='tesseract 3.04.00' />
  <meta name='ocr-capabilities' content='ocr_page ocr_carea ocr_par ocr_line ocrx_word'/>
</head>
<body>
  <div class='ocr_page' id='page_1' title='image "./devitaetscriptis00abbeuoft_0071.png"; bbox 0 0 1931 3239; ppageno 0'>
   <div class='ocr_carea' id='block_1_1' title="bbox 636 155 1568 190">
    <p class='ocr_par' dir='ltr' id='par_1_1' title="bbox 636 155 1568 190">
     <span class='ocr_line' id='line_1_1' title="bbox 636 155 1568 190; baseline -0.003 -1"><span class='ocrx_word' id='word_1_1' title='bbox 636 164 771 190; x_wconf 74' lang='lat' dir='ltr'>aAcom</span> <span class='ocrx_word' id='word_1_2' title='bbox 797 162 938 190; x_wconf 61' lang='lat' dir='ltr'><strong>SARUG.</strong></span> <span class='ocrx_word' id='word_1_3' title='bbox 964 163 1068 189; x_wconf 70' lang='lat' dir='ltr'>VITA.</span> <span class='ocrx_word' id='word_1_4' title='bbox 1527 155 1568 187; x_wconf 65' lang='lat'>45</span> 
     </span>
    </p>
   </div>
   <div class='ocr_carea' id='block_1_2' title="bbox 140 252 1568 557">
    <p class='ocr_par' dir='ltr' id='par_1_2' title="bbox 140 252 1568 557">
     <span class='ocr_line' id='line_1_2' title="bbox 140 252 1567 313; baseline -0.003 -15"><span class='ocrx_word' id='word_1_5' title='bbox 140 262 287 313; x_wconf 81' lang='lat' dir='ltr'>gerent</span> <span class='ocrx_word' id='word_1_6' title='bbox 317 267 365 298; x_wconf 90' lang='lat' dir='ltr'>ex</span> <span class='ocrx_word' id='word_1_7' title='bbox 395 254 531 297; x_wconf 84' lang='lat' dir='ltr'>verbis</span> <span class='ocrx_word' id='word_1_8' title='bbox 561 254 651 310; x_wconf 86' lang='lat' dir='ltr'>ejus</span> <span class='ocrx_word' id='word_1_9' title='bbox 678 254 830 297; x_wconf 89' lang='lat' dir='ltr'>divinis</span> <span class='ocrx_word' id='word_1_10' title='bbox 857 262 1060 309; x_wconf 84' lang='lat' dir='ltr'>quantum</span> <span class='ocrx_word' id='word_1_11' title='bbox 1095 254 1284 297; x_wconf 84' lang='lat' dir='ltr'>doctrina</span> <span class='ocrx_word' id='word_1_12' title='bbox 1316 252 1407 309; x_wconf 85' lang='lat' dir='ltr'>ejus</span> <span class='ocrx_word' id='word_1_13' title='bbox 1429 253 1567 295; x_wconf 84' lang='lat' dir='ltr'>suavis</span> 
     </span>
     <span class='ocr_line' id='line_1_3' title="bbox 141 336 1565 392; baseline -0.003 -12"><span class='ocrx_word' id='word_1_14' title='bbox 141 338 248 380; x_wconf 80' lang='lat' dir='ltr'>soret</span> <span class='ocrx_word' id='word_1_15' title='bbox 292 343 333 379; x_wconf 89' lang='lat' dir='ltr'>et</span> <span class='ocrx_word' id='word_1_16' title='bbox 387 348 536 392; x_wconf 90' lang='lat' dir='ltr'>sapore</span> <span class='ocrx_word' id='word_1_17' title='bbox 589 336 777 392; x_wconf 85' lang='lat' dir='ltr'>polleret.</span> <span class='ocrx_word' id='word_1_18' title='bbox 833 336 942 379; x_wconf 83' lang='lat' dir='ltr'>Sane</span> <span class='ocrx_word' id='word_1_19' title='bbox 997 350 1070 392; x_wconf 87' lang='lat' dir='ltr'>per</span> <span class='ocrx_word' id='word_1_20' title='bbox 1122 336 1325 392; x_wconf 89' lang='lat' dir='ltr'>Spiritum</span> <span class='ocrx_word' id='word_1_21' title='bbox 1374 341 1565 378; x_wconf 83' lang='lat' dir='ltr'>sanctum</span> 
     </span>
     <span class='ocr_line' id='line_1_4' title="bbox 140 416 1568 475; baseline -0.004 -12"><span class='ocrx_word' id='word_1_22' title='bbox 140 420 299 463; x_wconf 81' lang='lat' dir='ltr'>electus</span> <span class='ocrx_word' id='word_1_23' title='bbox 341 419 483 475; x_wconf 81' lang='lat' dir='ltr'>procul</span> <span class='ocrx_word' id='word_1_24' title='bbox 519 418 648 461; x_wconf 91' lang='lat' dir='ltr'>dubio</span> <span class='ocrx_word' id='word_1_25' title='bbox 686 419 963 474; x_wconf 85' lang='lat' dir='ltr'>loquebatur;</span> <span class='ocrx_word' id='word_1_26' title='bbox 1009 432 1136 471; x_wconf 83' lang='lat' dir='ltr'>quare</span> <span class='ocrx_word' id='word_1_27' title='bbox 1181 431 1304 461; x_wconf 90' lang='lat' dir='ltr'>nemo</span> <span class='ocrx_word' id='word_1_28' title='bbox 1352 417 1477 459; x_wconf 83' lang='lat' dir='ltr'>nimia</span> <span class='ocrx_word' id='word_1_29' title='bbox 1518 416 1568 458; x_wconf 88' lang='lat' dir='ltr'>de</span> 
     </span>
     <span class='ocr_line' id='line_1_5' title="bbox 141 501 1171 557; baseline -0.002 -12"><span class='ocrx_word' id='word_1_30' title='bbox 141 503 232 557; x_wconf 89' lang='lat' dir='ltr'>ipso</span> <span class='ocrx_word' id='word_1_31' title='bbox 275 502 349 557; x_wconf 81' lang='lat' dir='ltr'>(de</span> <span class='ocrx_word' id='word_1_32' title='bbox 383 504 468 557; x_wconf 73' lang='lat' dir='ltr'>eJus</span> <span class='ocrx_word' id='word_1_33' title='bbox 511 504 655 544; x_wconf 77' lang='lat' dir='ltr'>merito</span> <span class='ocrx_word' id='word_1_34' title='bbox 692 501 925 557; x_wconf 72' lang='lat' dir='ltr'>personali)</span> <span class='ocrx_word' id='word_1_35' title='bbox 963 502 1171 557; x_wconf 81' lang='lat' dir='ltr'>opinetur.</span> 
     </span>
    </p>
   </div>
   <div class='ocr_carea' id='block_1_3' title="bbox 140 862 1573 1493">
    <p class='ocr_par' dir='ltr' id='par_1_3' title="bbox 140 862 1573 1493">
     <span class='ocr_line' id='line_1_6' title="bbox 203 862 1571 918; baseline 0 -13"><span class='ocrx_word' id='word_1_36' title='bbox 203 862 569 918; x_wconf 84' lang='lat' dir='ltr'>[Mandaruntque</span> <span class='ocrx_word' id='word_1_37' title='bbox 601 863 757 906; x_wconf 84' lang='lat' dir='ltr'>Jacobo</span> <span class='ocrx_word' id='word_1_38' title='bbox 786 865 983 917; x_wconf 79' lang='lat' dir='ltr'><em>episcopi,</em></span> <span class='ocrx_word' id='word_1_39' title='bbox 1019 870 1062 905; x_wconf 93' lang='lat' dir='ltr'>ut</span> <span class='ocrx_word' id='word_1_40' title='bbox 1095 862 1288 906; x_wconf 77' lang='lat' dir='ltr'>collatam</span> <span class='ocrx_word' id='word_1_41' title='bbox 1319 862 1398 905; x_wconf 89' lang='lat' dir='ltr'>sibi</span> <span class='ocrx_word' id='word_1_42' title='bbox 1433 876 1453 904; x_wconf 85' lang='lat' dir='ltr'>a</span> <span class='ocrx_word' id='word_1_43' title='bbox 1484 863 1571 905; x_wconf 89' lang='lat' dir='ltr'>Deo</span> 
     </span>
     <span class='ocr_line' id='line_1_7' title="bbox 140 944 1571 1001; baseline 0 -15"><span class='ocrx_word' id='word_1_44' title='bbox 140 944 313 1001; x_wconf 77' lang='lat' dir='ltr'>gratiam</span> <span class='ocrx_word' id='word_1_45' title='bbox 347 957 611 1001; x_wconf 77' lang='lat' dir='ltr'><strong>nequaquam</strong></span> <span class='ocrx_word' id='word_1_46' title='bbox 644 944 905 1001; x_wconf 78' lang='lat' dir='ltr'>negligeret,</span> <span class='ocrx_word' id='word_1_47' title='bbox 939 945 1010 988; x_wconf 89' lang='lat' dir='ltr'>sed</span> <span class='ocrx_word' id='word_1_48' title='bbox 1041 945 1275 987; x_wconf 74' lang='lat' dir='ltr'>doctrinam</span> <span class='ocrx_word' id='word_1_49' title='bbox 1300 944 1458 1000; x_wconf 80' lang='lat' dir='ltr'>scripto</span> <span class='ocrx_word' id='word_1_50' title='bbox 1490 953 1571 987; x_wconf 82' lang='lat' dir='ltr'>tra-</span> 
     </span>
     <span class='ocr_line' id='line_1_8' title="bbox 141 1027 1572 1083; baseline -0.001 -12"><span class='ocrx_word' id='word_1_51' title='bbox 141 1028 258 1071; x_wconf 84' lang='lat' dir='ltr'>deret</span> <span class='ocrx_word' id='word_1_52' title='bbox 286 1028 473 1071; x_wconf 82' lang='lat' dir='ltr'>ecelesiae</span> <span class='ocrx_word' id='word_1_53' title='bbox 498 1036 539 1070; x_wconf 89' lang='lat' dir='ltr'>et</span> <span class='ocrx_word' id='word_1_54' title='bbox 568 1029 765 1070; x_wconf 85' lang='lat' dir='ltr'>omnibus</span> <span class='ocrx_word' id='word_1_55' title='bbox 794 1028 889 1070; x_wconf 87' lang='lat' dir='ltr'>filiis</span> <span class='ocrx_word' id='word_1_56' title='bbox 916 1027 1006 1083; x_wconf 87' lang='lat' dir='ltr'>ejus</span> <span class='ocrx_word' id='word_1_57' title='bbox 1034 1028 1322 1083; x_wconf 82' lang='lat' dir='ltr'>profuturam3</span> <span class='ocrx_word' id='word_1_58' title='bbox 1351 1041 1446 1070; x_wconf 87' lang='lat' dir='ltr'>nam</span> <span class='ocrx_word' id='word_1_59' title='bbox 1476 1036 1572 1070; x_wconf 83' lang='lat' dir='ltr'>ante</span> 
     </span>
     <span class='ocr_line' id='line_1_9' title="bbox 141 1109 1572 1166; baseline 0.001 -15"><span class='ocrx_word' id='word_1_60' title='bbox 141 1109 387 1166; x_wconf 74' lang='lat' dir='ltr'>praedictum</span> <span class='ocrx_word' id='word_1_61' title='bbox 427 1111 722 1166; x_wconf 81' lang='lat' dir='ltr'>episcoporum</span> <span class='ocrx_word' id='word_1_62' title='bbox 755 1117 1008 1153; x_wconf 85' lang='lat' dir='ltr'>conventum</span> <span class='ocrx_word' id='word_1_63' title='bbox 1049 1110 1263 1153; x_wconf 87' lang='lat' dir='ltr'>orationes</span> <span class='ocrx_word' id='word_1_64' title='bbox 1296 1110 1465 1166; x_wconf 88' lang='lat' dir='ltr'>quidem</span> <span class='ocrx_word' id='word_1_65' title='bbox 1504 1110 1572 1153; x_wconf 87' lang='lat' dir='ltr'>ille</span> 
     </span>
     <span class='ocr_line' id='line_1_10' title="bbox 142 1191 1573 1248; baseline 0 -14"><span class='ocrx_word' id='word_1_66' title='bbox 142 1191 296 1235; x_wconf 88' lang='lat' dir='ltr'>habere</span> <span class='ocrx_word' id='word_1_67' title='bbox 323 1199 627 1243; x_wconf 83' lang='lat' dir='ltr'>consueverat,</span> <span class='ocrx_word' id='word_1_68' title='bbox 667 1205 736 1235; x_wconf 85' lang='lat' dir='ltr'>eas</span> <span class='ocrx_word' id='word_1_69' title='bbox 777 1205 874 1235; x_wconf 83' lang='lat' dir='ltr'>vero</span> <span class='ocrx_word' id='word_1_70' title='bbox 907 1192 1063 1248; x_wconf 80' lang='lat' dir='ltr'>scripto</span> <span class='ocrx_word' id='word_1_71' title='bbox 1095 1192 1262 1248; x_wconf 77' lang='lat' dir='ltr'>vulgare</span> <span class='ocrx_word' id='word_1_72' title='bbox 1293 1204 1378 1248; x_wconf 81' lang='lat' dir='ltr'>prae</span> <span class='ocrx_word' id='word_1_73' title='bbox 1409 1205 1573 1234; x_wconf 83' lang='lat' dir='ltr'>summa</span> 
     </span>
     <span class='ocr_line' id='line_1_11' title="bbox 144 1273 1573 1330; baseline 0 -14"><span class='ocrx_word' id='word_1_74' title='bbox 144 1273 272 1316; x_wconf 86' lang='lat' dir='ltr'>animi</span> <span class='ocrx_word' id='word_1_75' title='bbox 303 1274 559 1318; x_wconf 82' lang='lat' dir='ltr'>demissione</span> <span class='ocrx_word' id='word_1_76' title='bbox 583 1274 903 1330; x_wconf 75' lang='lat' dir='ltr'>haudquaquam</span> <span class='ocrx_word' id='word_1_77' title='bbox 924 1287 1051 1317; x_wconf 86' lang='lat' dir='ltr'>ausus</span> <span class='ocrx_word' id='word_1_78' title='bbox 1073 1275 1206 1317; x_wconf 86' lang='lat' dir='ltr'>fuerat</span> <span class='ocrx_word' id='word_1_79' title='bbox 1225 1275 1263 1328; x_wconf 83' lang='lat'>,]</span> <span class='ocrx_word' id='word_1_80' title='bbox 1293 1287 1431 1327; x_wconf 71' lang='lat' dir='ltr'>nempe</span> <span class='ocrx_word' id='word_1_81' title='bbox 1457 1281 1573 1316; x_wconf 87' lang='lat' dir='ltr'>ante-</span> 
     </span>
     <span class='ocr_line' id='line_1_12' title="bbox 144 1354 1573 1411; baseline 0 -14"><span class='ocrx_word' id='word_1_82' title='bbox 144 1368 267 1411; x_wconf 82' lang='lat' dir='ltr'>quam</span> <span class='ocrx_word' id='word_1_83' title='bbox 299 1355 507 1397; x_wconf 86' lang='lat' dir='ltr'>Dominus</span> <span class='ocrx_word' id='word_1_84' title='bbox 544 1355 594 1397; x_wconf 86' lang='lat' dir='ltr'>ad</span> <span class='ocrx_word' id='word_1_85' title='bbox 627 1355 765 1411; x_wconf 89' lang='lat' dir='ltr'>ipsum</span> <span class='ocrx_word' id='word_1_86' title='bbox 801 1355 1021 1411; x_wconf 85' lang='lat' dir='ltr'>episcopos</span> <span class='ocrx_word' id='word_1_87' title='bbox 1057 1354 1267 1404; x_wconf 76' lang='lat' dir='ltr'>misisset,</span> <span class='ocrx_word' id='word_1_88' title='bbox 1302 1354 1415 1410; x_wconf 89' lang='lat' dir='ltr'>iique</span> <span class='ocrx_word' id='word_1_89' title='bbox 1460 1354 1573 1398; x_wconf 88' lang='lat' dir='ltr'>dete-</span> 
     </span>
     <span class='ocr_line' id='line_1_13' title="bbox 146 1436 1131 1493; baseline -0.002 -13"><span class='ocrx_word' id='word_1_90' title='bbox 146 1437 304 1493; x_wconf 81' lang='lat' dir='ltr'>gissent</span> <span class='ocrx_word' id='word_1_91' title='bbox 332 1437 572 1479; x_wconf 87' lang='lat' dir='ltr'>thesaurum</span> <span class='ocrx_word' id='word_1_92' title='bbox 602 1449 623 1479; x_wconf 87' lang='lat' dir='ltr'>a</span> <span class='ocrx_word' id='word_1_93' title='bbox 651 1436 796 1479; x_wconf 88' lang='lat' dir='ltr'>multis</span> <span class='ocrx_word' id='word_1_94' title='bbox 823 1436 1131 1479; x_wconf 85' lang='lat' dir='ltr'>absconditum.</span> 
     </span>
    </p>
   </div>
   <div class='ocr_carea' id='block_1_4' title="bbox 147 1874 1578 2179">
    <p class='ocr_par' dir='ltr' id='par_1_4' title="bbox 147 1874 1578 2179">
     <span class='ocr_line' id='line_1_14' title="bbox 207 1874 1576 1932; baseline 0.001 -14"><span class='ocrx_word' id='word_1_95' title='bbox 207 1876 296 1932; x_wconf 79' lang='lat' dir='ltr'>Age</span> <span class='ocrx_word' id='word_1_96' title='bbox 323 1888 419 1918; x_wconf 87' lang='lat' dir='ltr'>vero</span> <span class='ocrx_word' id='word_1_97' title='bbox 450 1874 604 1918; x_wconf 86' lang='lat' dir='ltr'>exinde</span> <span class='ocrx_word' id='word_1_98' title='bbox 638 1874 759 1917; x_wconf 85' lang='lat' dir='ltr'>fluxit</span> <span class='ocrx_word' id='word_1_99' title='bbox 781 1874 970 1918; x_wconf 84' lang='lat' dir='ltr'>doctrina</span> <span class='ocrx_word' id='word_1_100' title='bbox 1003 1875 1093 1932; x_wconf 87' lang='lat' dir='ltr'>ejus</span> <span class='ocrx_word' id='word_1_101' title='bbox 1114 1877 1240 1918; x_wconf 86' lang='lat' dir='ltr'>maris</span> <span class='ocrx_word' id='word_1_102' title='bbox 1263 1876 1313 1918; x_wconf 87' lang='lat' dir='ltr'>ad</span> <span class='ocrx_word' id='word_1_103' title='bbox 1339 1876 1499 1926; x_wconf 80' lang='lat' dir='ltr'>instar,</span> <span class='ocrx_word' id='word_1_104' title='bbox 1525 1890 1576 1920; x_wconf 73' lang='lat' dir='ltr'>ex</span> 
     </span>
     <span class='ocr_line' id='line_1_15' title="bbox 147 1958 1577 2015; baseline 0.001 -14"><span class='ocrx_word' id='word_1_105' title='bbox 147 1972 230 2013; x_wconf 89' lang='lat' dir='ltr'>quo</span> <span class='ocrx_word' id='word_1_106' title='bbox 252 1959 450 2014; x_wconf 88' lang='lat' dir='ltr'>biberunt</span> <span class='ocrx_word' id='word_1_107' title='bbox 472 1967 513 2002; x_wconf 91' lang='lat' dir='ltr'>et</span> <span class='ocrx_word' id='word_1_108' title='bbox 532 1958 661 2015; x_wconf 81' lang='lat' dir='ltr'>gavisi</span> <span class='ocrx_word' id='word_1_109' title='bbox 680 1967 779 2001; x_wconf 87' lang='lat' dir='ltr'>sunt</span> <span class='ocrx_word' id='word_1_110' title='bbox 802 1972 950 2001; x_wconf 91' lang='lat' dir='ltr'>omnes</span> <span class='ocrx_word' id='word_1_111' title='bbox 973 1959 1179 2003; x_wconf 74' lang='lat' dir='ltr'>sitientes.</span> <span class='ocrx_word' id='word_1_112' title='bbox 1206 1960 1277 2002; x_wconf 82' lang='lat' dir='ltr'>ille</span> <span class='ocrx_word' id='word_1_113' title='bbox 1299 1961 1449 2015; x_wconf 89' lang='lat' dir='ltr'>estqui</span> <span class='ocrx_word' id='word_1_114' title='bbox 1475 1961 1577 2003; x_wconf 81' lang='lat' dir='ltr'>bibit</span> 
     </span>
     <span class='ocr_line' id='line_1_16' title="bbox 148 2041 1577 2097; baseline 0.001 -14"><span class='ocrx_word' id='word_1_115' title='bbox 148 2054 198 2084; x_wconf 85' lang='lat' dir='ltr'>ex</span> <span class='ocrx_word' id='word_1_116' title='bbox 255 2041 479 2085; x_wconf 83' lang='lat' dir='ltr'>benedicto</span> <span class='ocrx_word' id='word_1_117' title='bbox 527 2042 642 2085; x_wconf 87' lang='lat' dir='ltr'>fonte</span> <span class='ocrx_word' id='word_1_118' title='bbox 693 2041 877 2091; x_wconf 88' lang='lat' dir='ltr'>Edenis‚</span> <span class='ocrx_word' id='word_1_119' title='bbox 936 2049 976 2084; x_wconf 89' lang='lat' dir='ltr'>et</span> <span class='ocrx_word' id='word_1_120' title='bbox 1031 2042 1215 2085; x_wconf 85' lang='lat' dir='ltr'>vicissim</span> <span class='ocrx_word' id='word_1_121' title='bbox 1278 2050 1422 2097; x_wconf 85' lang='lat' dir='ltr'>potum</span> <span class='ocrx_word' id='word_1_122' title='bbox 1486 2042 1577 2085; x_wconf 86' lang='lat' dir='ltr'>aliis</span> 
     </span>
     <span class='ocr_line' id='line_1_17' title="bbox 148 2123 1578 2179; baseline 0.001 -14"><span class='ocrx_word' id='word_1_123' title='bbox 148 2123 328 2174; x_wconf 83' lang='lat' dir='ltr'>tribuet,</span> <span class='ocrx_word' id='word_1_124' title='bbox 359 2123 467 2166; x_wconf 86' lang='lat' dir='ltr'>sicut</span> <span class='ocrx_word' id='word_1_125' title='bbox 501 2123 704 2179; x_wconf 85' lang='lat' dir='ltr'>seriptum</span> <span class='ocrx_word' id='word_1_126' title='bbox 737 2131 814 2166; x_wconf 87' lang='lat' dir='ltr'>est.</span> <span class='ocrx_word' id='word_1_127' title='bbox 845 2123 917 2167; x_wconf 90' lang='lat' dir='ltr'>Ille</span> <span class='ocrx_word' id='word_1_128' title='bbox 943 2130 1000 2166; x_wconf 84' lang='lat' dir='ltr'>est</span> <span class='ocrx_word' id='word_1_129' title='bbox 1035 2123 1105 2179; x_wconf 90' lang='lat' dir='ltr'>qui</span> <span class='ocrx_word' id='word_1_130' title='bbox 1137 2136 1187 2167; x_wconf 87' lang='lat' dir='ltr'>ex</span> <span class='ocrx_word' id='word_1_131' title='bbox 1218 2123 1337 2166; x_wconf 85' lang='lat' dir='ltr'>labiis</span> <span class='ocrx_word' id='word_1_132' title='bbox 1368 2123 1457 2179; x_wconf 89' lang='lat' dir='ltr'>ejus</span> <span class='ocrx_word' id='word_1_133' title='bbox 1489 2131 1578 2166; x_wconf 83' lang='lat' dir='ltr'>tan-</span> 
     </span>
    </p>
   </div>
   <div class='ocr_carea' id='block_1_5' title="bbox 147 2283 1580 2496">
    <p class='ocr_par' dir='ltr' id='par_1_5' title="bbox 147 2283 1580 2496">
     <span class='ocr_line' id='line_1_18' title="bbox 147 2283 1578 2324; baseline -0.001 -10"><span class='ocrx_word' id='word_1_134' title='bbox 147 2284 279 2316; x_wconf 81' lang='lat' dir='ltr'>vocales</span> <span class='ocrx_word' id='word_1_135' title='bbox 297 2284 323 2316; x_wconf 84' lang='lat' dir='ltr'><strong>A</strong></span> <span class='ocrx_word' id='word_1_136' title='bbox 340 2288 373 2316; x_wconf 86' lang='lat' dir='ltr'>et</span> <span class='ocrx_word' id='word_1_137' title='bbox 391 2283 416 2315; x_wconf 90' lang='grc' dir='ltr'>Ο</span> <span class='ocrx_word' id='word_1_138' title='bbox 437 2284 602 2324; x_wconf 79' lang='lat' dir='ltr'>posterior</span> <span class='ocrx_word' id='word_1_139' title='bbox 627 2284 697 2316; x_wconf 85' lang='lat' dir='ltr'>haec</span> <span class='ocrx_word' id='word_1_140' title='bbox 715 2283 844 2315; x_wconf 80' lang='lat' dir='ltr'>altioris</span> <span class='ocrx_word' id='word_1_141' title='bbox 869 2288 903 2316; x_wconf 90' lang='lat' dir='ltr'>et</span> <span class='ocrx_word' id='word_1_142' title='bbox 928 2283 1077 2316; x_wconf 83' lang='lat' dir='ltr'>fortioris</span> <span class='ocrx_word' id='word_1_143' title='bbox 1106 2283 1396 2324; x_wconf 81' lang='lat' dir='ltr'>pronunciationis</span> <span class='ocrx_word' id='word_1_144' title='bbox 1422 2283 1578 2315; x_wconf 83' lang='lat' dir='ltr'>babetur.</span> 
     </span>
     <span class='ocr_line' id='line_1_19' title="bbox 147 2339 1579 2382; baseline -0.001 -9"><span class='ocrx_word' id='word_1_145' title='bbox 147 2358 189 2365; x_wconf 82' lang='lat'><em>-</em></span> <span class='ocrx_word' id='word_1_146' title='bbox 225 2341 287 2381; x_wconf 85' lang='lat' dir='ltr'>Qui</span> <span class='ocrx_word' id='word_1_147' title='bbox 332 2341 458 2381; x_wconf 78' lang='lat' dir='ltr'>regulae</span> <span class='ocrx_word' id='word_1_148' title='bbox 492 2340 687 2380; x_wconf 87' lang='lat' dir='ltr'>hujusmodi</span> <span class='ocrx_word' id='word_1_149' title='bbox 727 2341 896 2382; x_wconf 83' lang='lat' dir='ltr'>generalis</span> <span class='ocrx_word' id='word_1_150' title='bbox 933 2341 1177 2382; x_wconf 81' lang='lat' dir='ltr'>applicationes</span> <span class='ocrx_word' id='word_1_151' title='bbox 1217 2340 1424 2381; x_wconf 81' lang='lat' dir='ltr'>multiplices</span> <span class='ocrx_word' id='word_1_152' title='bbox 1466 2344 1500 2372; x_wconf 88' lang='lat' dir='ltr'>et</span> <span class='ocrx_word' id='word_1_153' title='bbox 1537 2339 1579 2371; x_wconf 89' lang='lat' dir='ltr'>de</span> 
     </span>
     <span class='ocr_line' id='line_1_20' title="bbox 151 2396 1580 2440; baseline -0.002 -9"><span class='ocrx_word' id='word_1_154' title='bbox 151 2400 284 2439; x_wconf 88' lang='lat' dir='ltr'>punctis</span> <span class='ocrx_word' id='word_1_155' title='bbox 304 2399 485 2431; x_wconf 85' lang='lat' dir='ltr'>diacritieis</span> <span class='ocrx_word' id='word_1_156' title='bbox 511 2398 689 2430; x_wconf 85' lang='lat' dir='ltr'>subtiliora</span> <span class='ocrx_word' id='word_1_157' title='bbox 717 2399 803 2430; x_wconf 77' lang='lat' dir='ltr'>scire</span> <span class='ocrx_word' id='word_1_158' title='bbox 829 2398 932 2436; x_wconf 85' lang='lat' dir='ltr'>velit,</span> <span class='ocrx_word' id='word_1_159' title='bbox 962 2399 1115 2430; x_wconf 82' lang='lat' dir='ltr'>consulat</span> <span class='ocrx_word' id='word_1_160' title='bbox 1142 2397 1255 2429; x_wconf 84' lang='lat' dir='ltr'>Ewald</span> <span class='ocrx_word' id='word_1_161' title='bbox 1275 2408 1281 2430; x_wconf 89' lang='lat'>:</span> <span class='ocrx_word' id='word_1_162' title='bbox 1299 2396 1580 2440; x_wconf 72' lang='lat' dir='ltr'>Abhandtunyen</span> 
     </span>
     <span class='ocr_line' id='line_1_21' title="bbox 148 2453 1576 2496; baseline -0.001 -9"><span class='ocrx_word' id='word_1_163' title='bbox 148 2465 214 2487; x_wconf 80' lang='lat' dir='ltr'>zur</span> <span class='ocrx_word' id='word_1_164' title='bbox 238 2455 503 2488; x_wconf 68' lang='lat' dir='ltr'>orientalischen</span> <span class='ocrx_word' id='word_1_165' title='bbox 521 2454 594 2487; x_wconf 78' lang='lat' dir='ltr'>und</span> <span class='ocrx_word' id='word_1_166' title='bbox 611 2455 794 2488; x_wconf 74' lang='lat' dir='ltr'>biblischen</span> <span class='ocrx_word' id='word_1_167' title='bbox 811 2454 1001 2487; x_wconf 72' lang='lat' dir='ltr'>Literalur.</span> <span class='ocrx_word' id='word_1_168' title='bbox 1020 2455 1217 2496; x_wconf 62' lang='lat' dir='ltr'>Gottingem</span> <span class='ocrx_word' id='word_1_169' title='bbox 1239 2454 1339 2492; x_wconf 74' lang='lat'><strong>1852,</strong></span> <span class='ocrx_word' id='word_1_170' title='bbox 1358 2465 1414 2496; x_wconf 85' lang='lat' dir='ltr'>pp.</span> <span class='ocrx_word' id='word_1_171' title='bbox 1433 2453 1576 2487; x_wconf 70' lang='lat'>55-129.</span> 
     </span>
    </p>
   </div>
   <div class='ocr_carea' id='block_1_6' title="bbox 149 2522 1578 2624">
    <p class='ocr_par' dir='ltr' id='par_1_6' title="bbox 149 2522 1578 2624">
     <span class='ocr_line' id='line_1_22' title="bbox 195 2522 1578 2570; baseline 0.001 -13"><span class='ocrx_word' id='word_1_172' title='bbox 195 2535 223 2557; x_wconf 86' lang='lat' dir='ltr'>v.</span> <span class='ocrx_word' id='word_1_173' title='bbox 251 2527 328 2558; x_wconf 74' lang='lat'>200.</span> <span class='ocrx_word' id='word_1_174' title='bbox 356 2527 501 2560; x_wconf 81' lang='lat' dir='ltr'>Verbum</span> <span class='ocrx_word' id='word_1_175' title='bbox 527 2522 690 2568; x_wconf 51' lang='grc' dir='ltr'>ἰὸς-93»,</span> <span class='ocrx_word' id='word_1_176' title='bbox 730 2528 819 2569; x_wconf 88' lang='lat' dir='ltr'>quod</span> <span class='ocrx_word' id='word_1_177' title='bbox 851 2528 1009 2570; x_wconf 82' lang='lat' dir='ltr'>equidem</span> <span class='ocrx_word' id='word_1_178' title='bbox 1040 2527 1220 2568; x_wconf 81' lang='lat' dir='ltr'>legendum</span> <span class='ocrx_word' id='word_1_179' title='bbox 1253 2527 1389 2568; x_wconf 82' lang='lat' dir='ltr'>putavi,</span> <span class='ocrx_word' id='word_1_180' title='bbox 1418 2527 1469 2558; x_wconf 80' lang='lat' dir='ltr'>vix</span> <span class='ocrx_word' id='word_1_181' title='bbox 1505 2535 1578 2559; x_wconf 86' lang='lat' dir='ltr'>ves-</span> 
     </span>
     <span class='ocr_line' id='line_1_23' title="bbox 149 2584 547 2624; baseline 0.005 -10"><span class='ocrx_word' id='word_1_182' title='bbox 149 2584 227 2624; x_wconf 79' lang='lat' dir='ltr'>tigia</span> <span class='ocrx_word' id='word_1_183' title='bbox 252 2584 391 2624; x_wconf 85' lang='lat' dir='ltr'>reliquit</span> <span class='ocrx_word' id='word_1_184' title='bbox 414 2585 448 2616; x_wconf 91' lang='lat' dir='ltr'>in</span> <span class='ocrx_word' id='word_1_185' title='bbox 475 2586 547 2618; x_wconf 86' lang='lat' dir='ltr'>cod.</span> 
     </span>
    </p>
   </div>
  </div>
 </body>
</html>
