1931 3239
322 188 380 223 136
937 197 1065 224 CAPUT
1092 198 1133 224 11.

380 289 478 331 Haec
517 293 656 331 autem
689 300 781 342 quae
824 288 1026 331 hactenus
1068 288 1235 331 recitavi
1272 287 1450 330 nimium
1487 301 1579 332 esse
1610 287 1753 345 jejuna

318 369 359 405 et
385 361 525 403 brevia
559 361 791 416 perspicio,
825 374 949 415 quam
978 368 1024 402 ut
1055 360 1300 416 theologicis
1331 360 1565 416 disciplinis
1585 374 1754 417 ¹magno

317 431 562 486 adjumento
609 431 759 474 cedere
808 431 995 482 valeant3
1031 435 1124 487 quae
1170 438 1310 474 tamen
1355 432 1524 487 penitus
1557 431 1755 475 omittere

316 503 458 551 nolui,
492 502 563 545 sed
611 502 752 557 potius
795 515 845 544 eo
897 502 979 544 fine
1023 503 1273 557 proferenda
1327 502 1427 544 duxi
1467 509 1511 544 ut
1540 502 1601 545 vel
1641 516 1756 544 sum-

315 574 445 616 maria
493 573 750 616 indicatione
798 573 934 628 aliqua
976 580 1099 615 tenus
1143 573 1383 616 innotescat
1418 573 1584 629 insigne
1617 573 1754 616 adhuc

316 645 375 688 rei
402 657 530 687 sacrae
557 644 667 700 apud
696 644 924 699 scriptores
953 657 1071 700 syros
1098 644 1229 687 latere
1257 643 1615 699 promptuarium,
1640 643 1752 699 quod

315 716 350 758 si
387 716 598 772 integrum
638 716 680 757 in
722 716 859 758 lucem
898 715 1119 765 ederetur,
1164 715 1435 758 traditionem
1479 715 1752 757 christianam

315 787 660 843 locupletissimis
699 788 925 842 adaugeret
966 787 1222 830 testimoniis
1257 795 1298 830 et
1345 787 1621 843 argumentis.
1668 787 1753 842 Op-

318 859 489 901 tandum
519 871 621 901 sane
645 858 932 914 maximopere
954 866 1040 908 est,
1075 867 1120 901 ut
1156 859 1276 914 periti
1301 858 1519 915 cujusdam
1544 859 1752 901 industria

314 931 552 974 SnJacobo
593 930 820 987 Sarugensi
859 931 1023 973 edendo
1059 943 1104 972 ea
1138 930 1307 976 tandem
1350 930 1559 973 tribuatur
1600 942 1751 985 opera,

316 1017 441 1059 quam
471 1005 518 1046 P.
552 1004 808 1046 Benedictus
839 1010 880 1046 et
914 1003 956 1047 S.
982 1004 1028 1046 E.
1055 1005 1314 1046 Assemanus
1350 1003 1392 1046 S.
1416 1003 1638 1058 Ephraemo
1661 1003 1751 1045 vul-

314 1075 451 1131 gando
486 1075 769 1119 adhibuerunt
802 1074 862 1132 (1).

856 1209 1117 1245 ARTICULUS
1145 1209 1201 1244 lv.

380 1336 422 1360 ΒΕ
451 1334 671 1361 ΟΒΤΗΟΒΟΧΙΑ
700 1336 729 1360 S.
760 1335 876 1360 JACOBI
905 1335 1054 1365 EJUSQUE
1082 1334 1250 1359 DOCTRINA
1280 1335 1378 1360 emeat
1406 1316 1675 1361 SACRA'HSSIMUM

771 1404 1034 1429 INCARNATIONIS
1061 1405 1272 1430 MYSTERHJM.

370 1507 462 1550 Jam
502 1520 625 1556 vero,
662 1507 773 1562 quod
811 1520 936 1563 supra
972 1507 1211 1563 spopondi,
1252 1508 1352 1549 mihi
1390 1520 1501 1550 nnnc
1536 1507 1620 1550 duo
1651 1507 1749 1550 doc-

312 1578 415 1620 toris
460 1578 711 1635 Sarugensis
752 1578 957 1622 doctrinae
992 1579 1127 1633 capita
1173 1578 1438 1621 enucleatius
1479 1585 1579 1621 sunt
1619 1591 1748 1634 expo-

311 1648 467 1692 nenda.
494 1650 682 1692 Primum
709 1657 899 1692 versatur
920 1650 1027 1692 circa
1052 1650 1197 1692 Jacobi
1226 1650 1359 1692 nostri
1385 1649 1436 1692 de
1457 1649 1749 1692 incarnatione

311 1721 522 1764 dominica
562 1723 845 1771 sententiam,
879 1730 1005 1778 atque
1045 1722 1155 1764 illam
1193 1722 1289 1764 fidei
1320 1722 1748 1767 catholicaeffconsen-

311 1791 391 1834 tire
444 1791 487 1834 in
542 1793 737 1847 praeseuti
786 1793 964 1835 articulo
1012 1793 1166 1848 duplici
1206 1799 1550 1848 argumentorum
1595 1804 1748 1848 genere
1803 1816 1806 1819 ·

310 1863 604 1918 probabimus.

496 1988 510 2027 ξ
547 1990 576 2020 1.
612 1994 856 2021 ORTHODOXIAE
892 1995 921 2021 S.
959 1994 1078 2022 JACOBI
1113 1995 1336 2022 ARGUMENTA
1372 1994 1561 2028 EXTERNA,

739 2061 813 2088 CUM
839 2060 1037 2093 NEGATIVA,
1063 2061 1139 2088 TUM
1165 2061 1342 2088 POSITIVA.

372 2168 416 2207 1⁰
448 2166 660 2208 Pnossmlo
714 2178 932 2207 NEGATtVA.
975 2165 1095 2207 Nulla
1153 2179 1327 2221 prorsus
1375 2166 1484 2221 apud
1528 2173 1745 2208 auctorem

309 2245 502 2279 nostrum
539 2236 718 2286 offendi,
757 2250 849 2291 qnae
879 2250 974 2278 cum
1015 2237 1210 2292 dogmate
1245 2237 1450 2279 catholico
1487 2237 1528 2279 in
1568 2249 1744 2280 concor-

309 2308 418 2350 diam
454 2308 585 2365 redigi
617 2315 842 2363 nequeant.
876 2307 982 2359 Quia
1010 2316 1151 2350 tamen
1183 2309 1234 2350 ab
1263 2308 1447 2351 Eusebio
1477 2308 1744 2351 Renaudotio

309 2393 393 2423 non
431 2381 567 2423 solum
608 2387 651 2423 ut
685 2379 894 2436 jacobita,
931 2379 1004 2422 sed
1042 2387 1087 2422 ut
1118 2379 1400 2435 jacobitarum
1440 2380 1743 2436 antesignanus

354 2543 397 2585 (1)
426 2544 660 2576 Libentissime
679 2544 741 2576 hac
758 2544 931 2576 occasione
948 2542 1061 2575 indico
1080 2543 1233 2583 quaedam
1254 2552 1331 2576 mox
1349 2544 1381 2575 S.
1401 2544 1515 2576 Jacobi
1540 2543 1715 2585 proditura
1732 2568 1739 2581 ,

307 2609 430 2642 nempe
466 2610 635 2633 sermones
663 2611 743 2639 sex,
771 2602 962 2642 germanice
1001 2609 1181 2633 conversos
1221 2610 1324 2642 opera
1355 2602 1399 2634 cl.
1432 2602 1467 2634 Ρ.
1493 2601 1674 2643 Zingerle,
1701 2601 1743 2633 de

305 2657 398 2690 hisce
424 2658 543 2690 studiis
570 2658 790 2691 meritissimi.
807 2676 847 2682 -
868 2658 1023 2690 Eduntur
1048 2658 1190 2697 Bonnae‚
1218 2658 1306 2699 apud
1335 2659 1458 2700 Henry.
