1931 3239
537 170 704 196 CARMEN
729 171 740 195 1
767 171 815 196 nn
844 172 875 196 n.
904 171 939 195 V.
968 172 1008 196 M.
1431 164 1493 197 2:313

118 261 196 305 Ubi
238 262 289 304 ab
327 260 447 304 initio
490 272 709 318 peccatum
750 272 791 306 et
832 277 945 306 mors
989 264 1253 320 multiplicati
1297 265 1491 315 fuerunt,

57 344 282 387 abundavit
309 344 434 386 etiam
467 345 598 400 gratia
629 353 672 386 ut
709 345 936 387 vivificaret
972 346 1198 388 Ailamum.

116 460 321 516 Serpens,
354 459 478 502 Hevae
507 460 745 514 loquendo,
776 461 811 502 ei
844 474 926 502 non
964 461 1117 503 obtulit
1152 474 1321 516 pacem,
1354 475 1490 517 neque

56 542 166 585 euim
196 555 272 597 pax
302 554 394 584 esse
424 548 586 597 poterat
620 542 660 583 in
700 542 916 583 mortifero
954 541 1044 596 ejus
1071 542 1263 584 consilio.

113 667 424 709 Frauduleutus
458 666 610 709 cecinit
645 668 682 709 ci
718 667 1013 716 mendacium,
1039 667 1257 722 inspiravit
1294 668 1490 723 iniquita-

55 758 136 793 tem
169 749 400 805 effuditque
432 749 604 792 consilia
646 762 836 805 perversa
868 758 909 792 et
945 751 1202 806 colloquium
1237 751 1374 793 fallax.
1410 752 1491 793 lni-

56 834 277 882 micitiam,
309 834 554 889 mysterium
587 833 700 875 necis
728 842 769 876 et
804 835 986 877 furorem
1017 835 1233 891 sanguinis
1265 836 1488 887 Adamitis,

56 917 217 972 prolato
254 930 329 958 suo
360 929 583 966 sermone,
621 917 661 958 in
702 925 898 972 promptu
935 917 1141 959 exhibuit.

115 1080 170 1121 At
211 1091 330 1127 vero,
377 1085 523 1120 contra
568 1078 644 1120 ista
685 1078 964 1133 congrediens
992 1078 1125 1120 vstetit
1183 1079 1356 1134 angelus
1397 1078 1488 1120 Filii

57 1161 238 1216 legatus,
268 1168 310 1202 et
347 1160 486 1202 Mariae
529 1159 729 1202 nuncium
777 1160 869 1201 vitae
907 1159 1109 1202 divinitus
1137 1160 1302 1211 attulit3
1337 1162 1491 1203 obtulit

56 1242 91 1285 ei
147 1254 317 1297 pacem,
375 1242 499 1283 vitam
558 1242 601 1283 in
657 1242 744 1296 ipsa
798 1242 1047 1291 seminavit,
1102 1242 1489 1286 reconciliationem

56 1325 344 1374 annuntiavit,
391 1325 514 1379 eique
565 1338 660 1366 cum
713 1337 856 1367 amore
898 1325 1107 1367 obviando
1150 1333 1300 1369 cuncta
1351 1326 1489 1383 priora

58 1408 250 1452 abolevit.

114 1491 280 1533 Murum
312 1489 548 1545 iniquitatis
582 1502 707 1545 quam
744 1489 843 1532 olim
880 1489 1158 1533 aedificaverat
1189 1502 1389 1545 serpens,
1421 1489 1487 1531 Fi-

57 1572 136 1615 lius
166 1573 241 1616 Dei
275 1585 348 1628 per
377 1572 629 1615 descensum
658 1585 782 1614 suum
819 1572 993 1621 evertit,
1024 1579 1067 1614 ut
1099 1573 1251 1615 iterum
1285 1586 1368 1614 uon
1405 1585 1489 1615 res-

56 1655 254 1705 tituatur3
292 1655 494 1709 parietem
535 1666 627 1709 quae
670 1654 801 1709 posita
838 1661 927 1696 erat
969 1653 1078 1696 inter
1117 1661 1255 1708 partes
1295 1653 1487 1708 aperuit,

55 1736 222 1792 quando
272 1737 478 1791 processit
524 1737 574 1779 ad
619 1749 763 1791 pacem
815 1736 1030 1778 terricolas
1073 1736 1183 1779 inter
1237 1743 1278 1778 et
1328 1735 1489 1777 coelites

56 1819 412 1863 constituendam.

119 1901 387 1958 Quapropter
427 1913 570 1957 pacem
621 1900 760 1943 Mariae
814 1901 1063 1956 adprecatus
1115 1901 1313 1957 angelus,
1361 1899 1487 1943 veluti

57 1985 334 2028 arrhabonem
373 1996 535 2040 magnae
568 1984 697 2026 totius
729 1985 876 2026 mundi
915 1984 1269 2027 reconciliationis
1311 1999 1319 2025 :
1360 2000 1379 2023 «
1410 1997 1488 2038 pax

60 2069 156 2118 tibi,
186 2068 338 2117 Maria,
370 2067 534 2122 inquit,
566 2067 772 2109 Dominus
805 2075 948 2110 noster
979 2075 1142 2117 tecum,
1173 2069 1317 2109 foetum
1349 2067 1489 2109 conci—

59 2151 147 2206 pies
173 2159 214 2194 et
246 2151 382 2206 paries
414 2149 546 2191 filium
576 2150 616 2191 in
651 2149 889 2204 virginitate
925 2158 1048 2191 tua.»

124 2276 199 2319 Cui
230 2276 297 2318 illa
334 2276 551 2332 respondit
587 2291 597 2317 ε
629 2292 648 2315 «
677 2275 889 2331 quomodo
922 2276 990 2318 liet
1021 2275 1129 2317 sicut
1166 2283 1208 2316 tu
1235 2274 1362 2324 dicis,
1393 2287 1488 2316 cum

106 2453 135 2474 v.
153 2443 230 2475 518.
252 2444 388 2483 Legitur
406 2443 437 2473 in
455 2441 518 2484 Off.
535 2440 612 2484 Syr.
631 2452 659 2483 p.
675 2442 752 2474 ⁶236.
770 2459 813 2464 -
830 2442 930 2473 Porro
948 2441 1020 2472 cod.
1046 2441 1108 2470 117
1132 2447 1190 2479 pro
1216 2432 1489 2470 uage-§omas

61 2522 110 2549 est
137 2527 143 2548 :
170 2511 281 2572 λοῦ]
328 2510 369 2557 U?

109 2612 138 2633 v.
164 2602 239 2634 519.
266 2604 326 2635 Pro
354 2607 413 2647 μ]
441 2608 489 2635 est
518 2614 524 2634 :
555 2604 632 2652 ,χο-ἕο

1249 2678 1289 2707 ΞΟ
