1931 3239
361 209 419 243 192
977 217 1104 242 CAPUT
1135 217 1173 242 11.

357 323 461 360 nes,
507 316 547 351 et
591 308 723 351 multo
777 308 916 350 minus
968 308 1099 364 ipsam
1156 309 1230 351 Dei
1276 317 1452 352 matrem
1506 309 1645 364 aliquo
1685 317 1788 352 tem-

357 394 457 437 pore
509 387 680 436 peccato
735 380 961 422 obnoxiam
1012 380 1239 423 exstitisse.
1293 380 1560 436 Comparatio
1608 381 1791 423 institui-

356 460 423 494 tur
464 465 483 494 a
531 450 714 500 jacobo,
761 451 856 506 quia
902 451 942 493 in
987 450 1076 506 ejus
1117 447 1336 508 hypo'thesi
1381 465 1528 494 omnes
1585 451 1643 494 illi
1691 460 1789 495 ante

354 522 613 565 nativitatem
636 521 768 564 sancti
798 521 1064 572 exstiterint3
1098 535 1179 564 non
1216 514 1364 565 asserit
1392 535 1490 565 vero
1517 535 1606 565 eam
1633 534 1787 578 praero-

352 595 530 650 gativam
572 593 614 635 in
658 593 822 635 cunctis
863 592 983 635 lineis
1025 606 1118 635 esse
1155 593 1336 635 similem
1367 594 1506 635 Mariae
1541 593 1787 649 privilegiO,

352 666 437 707 imo
475 666 642 720 potius.
675 664 815 706 omnia
859 676 951 719 quae
999 665 1255 707 antecedunt
1310 672 1351 706 et
1396 672 1633 719 sequuntur
1678 664 1788 706 clare

351 738 651 786 manifestant,
680 736 791 779 inter
826 737 1092 778 sanctitatem
1133 749 1223 779 eam
1254 749 1347 792 quae
1380 736 1541 786 Mariae,
1583 744 1728 792 utpote
1764 749 1787 779 a

352 809 439 851 Deo
482 809 523 850 in
559 815 734 850 matrem
767 807 939 857 electae,
969 815 1010 849 et
1041 820 1132 849 eam
1163 820 1256 863 quae
1289 807 1461 862 reliquis
1488 807 1672 857 sanctis,
1700 814 1786 849 tam

351 880 520 923 sublimi
544 879 682 922 officio
710 879 820 921 haud
848 879 1069 921 destinatis
1087 912 1096 928 ‚
1127 879 1329 935 obtigisse
1359 879 1513 921 dicitur
1541 879 1586 935 (i)
1605 911 1614 928 ‚
1639 879 1786 934 ingens

351 951 578 995 discrimen
618 963 711 993 esse
749 951 1055 1006 reponendum.
1087 951 1219 993 Porro
1253 963 1303 992 ex
1343 950 1415 993 SS.
1453 950 1644 992 Patribus
1683 963 1787 992 non-

351 1024 453 1066 nulli
491 1023 755 1065 tradiderunt
792 1030 984 1065 sanctum
1022 1022 1189 1064 Domini
1226 1035 1526 1078 praecursorem
1565 1021 1691 1064 fuisse
1743 1022 1785 1064 in

351 1102 470 1137 utero
508 1095 654 1136 matris
688 1106 774 1136 suae
808 1107 828 1135 a
863 1093 954 1136 labe
994 1093 1185 1149 originali
1235 1102 1484 1149 purgatum,
1531 1093 1615 1135 imo
1664 1093 1787 1134 variae

348 1167 537 1210 ecclesiae
586 1166 857 1222 particulares
896 1165 986 1221 ejus
1019 1166 1340 1221 conceptionem
1385 1179 1522 1208 annua
1562 1165 1787 1208 festivitate

347 1239 560 1281 celebrare
616 1246 928 1280 consueverunt
985 1237 1058 1293 (a),
1116 1237 1217 1292 quin
1283 1238 1390 1279 hanc
1451 1237 1599 1280 eodem
1665 1237 1788 1279 titulo

347 1309 621 1359 aestimarim,
669 1322 752 1363 quo
805 1308 936 1364 ipsius
983 1308 1138 1351 Christi
1186 1316 1257 1350 ant
1298 1308 1453 1351 Christi
1498 1308 1657 1351 matris
1688 1321 1788 1350 con·

347 1382 554 1438 ceptionis
617 1382 768 1424 festum
828 1381 1109 1437 peragebant3
1164 1393 1214 1422 ex
1277 1379 1442 1435 objecto
1501 1381 1697 1422 nimirum
1746 1388 1788 1422 et

350 1468 542 1511 personae
589 1455 793 1511 dignitate
834 1454 1183 1510 significationem
1228 1454 1349 1496 aliam
1385 1462 1426 1496 et
1461 1454 1582 1496 aliam
1623 1461 1787 1496 mutua-

348 1527 528 1575 bantur,
565 1526 677 1581 quod
712 1533 758 1568 ut
788 1525 852 1567 hic
903 1525 1036 1567 fusius
1071 1525 1312 1567 evolvamus
1354 1524 1639 1568 necessarium
1676 1524 1785 1566 haud

346 1605 472 1653 puto;
501 1609 645 1640 verum
664 1628 673 1646 ,
704 1596 814 1651 quod
844 1596 893 1638 ad
928 1608 1014 1638 rem
1046 1605 1232 1638 nostram
1259 1596 1383 1647 facit,
1414 1595 1585 1638 evidens
1611 1596 1787 1638 omnino

345 1677 410 1713 est
457 1683 506 1713 ex
552 1676 711 1712 attenta
760 1668 939 1711 lectione
977 1667 1333 1724 hujus-'carminis
1371 1668 1633 1711 indefinitam
1670 1680 1787 1724 pror-

392 1867 435 1908 (t)
464 1868 495 1899 S.
522 1867 667 1899 Thomas
692 1867 725 1899 in
751 1876 885 1898 summa
914 1867 1013 1899 theol..
1042 1876 1073 1908 p.
1101 1868 1144 1900 5.
1172 1876 1232 1907 qu.
1258 1866 1324 1902 27,
1352 1872 1413 1898 art.
1443 1867 1463 1898 6
1489 1867 1522 1897 in
1549 1874 1643 1906 corp.
1664 1866 1786 1897 admit-

345 1925 384 1956 tit
409 1925 589 1956 Jeremiani
616 1930 649 1956 et
674 1925 860 1956 iohannem
889 1925 1068 1965 Baptistam
1089 1924 1193 1955 fuisse
1225 1924 1257 1954 in
1288 1928 1385 1955 utero
1405 1925 1521 1955 matris
1546 1922 1785 1954 sanctificatos.

390 1984 431 2023 (a)
457 1982 484 2012 J.
512 1983 544 2013 S.
571 1986 772 2013 Assemanus
811 1982 842 2012 in
882 1980 1026 2012 Kalend.
1059 1982 1170 2011 eccles.
1209 1979 1303 2011 univ.
1323 2005 1330 2017 ,
1360 1985 1441 2012 toni.
1469 1981 1515 2018 V,
1545 1990 1580 2021 p.
1603 1980 1670 2011 452
1711 1988 1784 2019 seq.

342 2038 413 2070 haec
449 2039 568 2070 scribit
604 2048 611 2070 τ
655 2050 671 2069 (ι
696 2039 886 2071 Orientaies
922 2039 964 2069 ab
1003 2038 1154 2078 antiquis
1191 2037 1403 2078 temporibus
1441 2041 1510 2069 tres
1547 2037 1786 2077 conceptiones

341 2096 582 2131 celebrarunt,
614 2104 759 2135 quarum
788 2096 894 2136 prima
921 2095 1048 2126 dicitur
1084 2095 1117 2126 S.
1145 2094 1281 2126 loannis
1312 2094 1490 2133 Baptistae,
1519 2093 1655 2134 quando
1684 2093 1785 2124 nimi-

342 2162 416 2184 rum
444 2154 586 2193 angelus
613 2154 769 2194 apparuit
795 2152 979 2184 Zachariae.
997 2177 1026 2183 ..
1061 2152 1129 2183 Hoc
1163 2151 1288 2182 festum
1307 2175 1314 2187 ,
1342 2152 1431 2190 quod
1465 2151 1570 2183 Graeci
1597 2149 1786 2191 conceptio-

342 2218 418 2240 nem
459 2208 629 2251 Baptistae
664 2214 810 2247 vocant,
853 2209 941 2248 apud
984 2209 1084 2249 Syros
1127 2208 1291 2239 vocabulo
1334 2207 1550 2243 honestiori,
1595 2207 1652 2238 sed
1695 2207 1784 2238 idem

341 2270 554 2312 significante
574 2296 581 2306 ,
608 2272 801 2312 appellatur
826 2264 951 2316 ζύμῃ
981 2276 1124 2313 στὶ-τωο
1151 2272 1380 2303 anmmeiatio
1409 2269 1603 2303 Zachariae.
1630 2271 1784 2303 Secunda

340 2328 513 2370 conceptio
555 2326 687 2360 Christi
716 2327 786 2371 filii
822 2328 884 2360 Dei
914 2329 951 2360 in
980 2331 1075 2360 utero
1111 2328 1294 2371 Viryinis,
1323 2329 1458 2370 quando
1493 2329 1556 2361 fuit
1581 2330 1782 2362 annunciata

341 2385 383 2416 ab
423 2385 611 2424 angoto...
654 2386 721 2417 Hoc
758 2385 859 2417 etiam
898 2385 1021 2417 festum
1061 2391 1128 2417 tam
1167 2387 1257 2426 Syris
1295 2395 1395 2426 quam
1434 2386 1558 2418 Graecis
1597 2393 1629 2418 et
1658 2385 1785 2418 Latinis

340 2446 478 2472 vocatur
503 2441 731 2473 annunciatio
762 2441 942 2483 Deipara‘,
980 2448 1013 2474 et
1038 2443 1077 2473 ad
1105 2443 1149 2473 ⁹25
1176 2444 1284 2475 martii
1311 2443 1506 2474 celebratur
1531 2444 1573 2475 ab
1599 2443 1782 2481 munitm,

339 2503 462 2537 praeter
490 2499 690 2529 Armenios..
708 2521 715 2529 .
747 2498 862 2530 Tertio
888 2498 1023 2530 demum
1043 2498 1084 2530 de
1103 2508 1167 2539 qua
1195 2499 1248 2530 hic
1265 2500 1378 2539 agitur
1403 2499 1574 2541 conceptio
1603 2499 1784 2542 Deiparae,

339 2563 440 2595 quam
468 2554 576 2585 Latini
603 2555 739 2595 quidem
767 2556 942 2596 appellant
962 2555 1211 2597 conceptionem
1233 2555 1272 2587 B.
1294 2555 1334 2588 V.
1356 2556 1413 2594 M,
1433 2558 1536 2589 Graeci
1563 2566 1641 2589 vero
1667 2561 1701 2589 et
1726 2557 1783 2589 atii

338 2611 522 2644 orientales
559 2612 810 2654 conceptionem
848 2611 882 2645 S.
923 2612 1061 2649 Amtoe,
1099 2618 1133 2646 et
1169 2622 1245 2646 curn
1283 2614 1398 2646 addito
1433 2612 1467 2646 S.
1503 2615 1617 2646 Annae
1661 2614 1784 2647 matris

338 2668 519 2711 Dciparoe.
