1931 3239
395 189 439 223 92
1030 194 1157 220 (utimr
1183 195 1207 219 I.

404 285 680 342 repetendum
712 285 832 339 (Gen.
858 285 934 332 XI,
959 286 1018 325 020
1035 284 1071 338 ),
1094 282 1305 325 territorio
1328 282 1522 337 primitus
1546 282 1831 333 tribuebatur,

401 359 582 400 civitatis
624 370 720 399 vero
767 356 940 398 minime
989 356 1204 410 proprium
1251 363 1366 405 erat;
1408 362 1552 410 postea
1588 367 1686 396 vero
1732 368 1833 397 usus

400 429 597 484 paulatim
626 428 827 475 invaluit,
866 434 909 468 ut
946 425 1129 481 regionis
1153 426 1400 468 vocabulum
1436 425 1592 480 oppido
1626 424 1717 479 ejus
1752 425 1833 480 pri-

402 500 532 541 mario
568 501 711 541 Bac-nis
733 498 997 545 afficeretur3
1030 496 1115 537 imo
1147 505 1239 550 post
1273 503 1518 551 occupatam
1547 509 1568 537 a
1591 495 1833 538 Sarracenis

400 570 767 625 Mesopotamiam,
810 568 966 623 rejecto
1011 568 1153 609 Batnae
1194 567 1365 609 nomine
1388 600 1397 617 ,
1432 567 1531 609 urbs
1568 567 1635 608 illa
1669 567 1835 609 arabice

399 673 534 736 597„
574 643 713 695 Saruq
731 640 931 697 appellari
955 640 1102 695 coepit,
1135 640 1193 681 uti
1221 639 1349 694 liquet
1372 652 1421 681 ex
1443 640 1679 695 Anonymo,
1705 651 1829 694 quem

404 764 450 793 ea
482 757 732 805 tempestate
762 747 914 788 vixisse
946 758 997 787 ex
1029 746 1106 787 hoc
1136 745 1227 800 ipso
1255 744 1469 787 concludit
1500 746 1775 787 Assemauus.

462 823 507 863 ln
541 821 679 862 indice
715 817 995 875 geographico
1038 817 1252 859 civitatum
1288 816 1592 872 episcopalium
1625 815 1835 858 jacobita-

405 908 495 935 rum
515 926 525 943 ,
553 893 835 934 dissertationi
861 892 908 932 de
929 889 1049 941 Syris
1076 891 1372 942 monophysitas
1398 888 1558 930 inserto
1577 921 1586 933 ,
1616 887 1835 942 sequentia

401 965 598 1020 leguntur
625 963 669 1019 (1)
691 978 699 1005 :
724 979 743 1002 «
766 963 904 1015 Saruq
926 971 1051 1021 *RQW
1082 961 1180 1003 olim
1213 963 1400 1008 Βαιηαη,
1431 960 1647 1016 Stephano
1672 961 1833 1008 Bamoe,

405 1053 422 1075 (ι
454 1034 659 1090 Procopio
693 1033 738 1089 (2)
781 1035 935 1083 Batne,
978 1031 1292 1087 Mesopotamiae
1335 1031 1537 1087 oppidum
1579 1031 1629 1072 ab
1677 1024 1835 1073 Edessa

405 1124 423 1146 «
454 1106 580 1148 millia
614 1117 811 1161 passuum
847 1105 881 1146 X
915 1104 1106 1152 distans,
1139 1102 1258 1156 juxta
1303 1102 1564 1144 itinerarium
1603 1101 1836 1149 Antonini,

407 1194 425 1215 «
456 1177 716 1230 totidemque
740 1176 791 1217 ab
815 1175 954 1217 Harau
978 1183 1019 1217 et
1043 1188 1065 1217 a
1088 1173 1200 1216 Birta
1216 1206 1225 1222 ,
1255 1181 1361 1215 teste
1388 1172 1639 1227 Abulpheda
1663 1172 1731 1226 (in
1757 1173 1836 1214 tab.

407 1268 424 1287 «
454 1262 583 1301 qeoqr.
614 1262 654 1289 n.
686 1246 829 1301 2502),
864 1246 933 1302 qui
975 1246 1074 1288 illud
1113 1259 1188 1287 sua
1224 1252 1346 1287 aetate
1382 1243 1567 1286 dirutum
1600 1243 1793 1285 affirmat.
1814 1259 1832 1280 >³

409 1337 425 1358 <‹
455 1320 625 1367 Batnae,
648 1317 702 1360 ait
734 1317 924 1359 Zosimus
949 1317 1021 1372 (5),
1050 1316 1324 1371 municipium
1358 1324 1446 1357 erat
1479 1315 1710 1357 Osdroenae
1733 1314 1793 1369 (4).
1816 1331 1832 1350 »

405 1391 629 1439 Ceterum,
675 1389 871 1432 urhecula
919 1389 995 1431 ista
1038 1401 1121 1430 non
1167 1396 1256 1430 erat
1291 1386 1442 1429 saeculo
1478 1394 1628 1441 quarto
1660 1386 1835 1428 omnino

406 1462 631 1519 ignobiliS,
682 1475 777 1503 cum
827 1461 882 1502 ibi
927 1461 976 1502 ad
1025 1460 1235 1502 nundinas
1286 1472 1446 1501 annuas
1492 1472 1669 1514 magnus
1718 1458 1837 1500 lieret

405 1535 605 1576 ludorum
636 1533 872 1587 Serumque
899 1545 1131 1575 concursus
1165 1531 1236 1587 (5);
1270 1538 1461 1585 tempore
1494 1543 1591 1572 vero
1622 1529 1834 1572 Anastasii

407 1605 672 1660 imperatoris
703 1604 754 1646 ab
781 1603 1023 1646 incursione
1049 1604 1270 1644 Persarum
1304 1615 1453 1658 magna
1474 1600 1625 1643 damna
1649 1599 1834 1656 accepit,

454 1731 494 1768 (i)
523 1730 555 1761 B.
580 1730 615 1761 Ο.
642 1729 665 1759 ΙΙ
692 1728 838 1759 Dis-sert.
864 1727 904 1758 cle
926 1727 1019 1769 syris
1041 1727 1200 1768 'monoplu
1229 1735 1301 1766 cap.
1326 1725 1357 1757 9.

452 1786 493 1824 (2)
508 1786 574 1818 Cfr.
587 1786 766 1826 Procopius
779 1785 993 1816 caesareensis
1006 1783 1044 1813 de
1056 1784 1140 1814 bello
1152 1783 1295 1824 persico,
1310 1783 1369 1813 lib.
1379 1782 1408 1814 ⁶2.
1419 1784 1510 1821 capt
1521 1781 1617 1817 “Luni
1630 1781 1676 1812 sic
1691 1780 1832 1821 legitur:

406 1845 574 1901 πόλισμα
599 1844 733 1903 βραχὺ
752 1844 816 1885 καί
838 1843 950 1900 λόγου
980 1840 1117 1888 οὐδενὸς
1148 1837 1254 1891 ἄξιον
1278 1874 1287 1893 ,
1316 1844 1460 1899 ἡμέρας
1483 1838 1521 1881 δὲ
1543 1836 1626 1881 ὁδοῦ
1656 1832 1837 1887 Ἐδέσσης

404 1909 530 1965 ὃιέχον
557 1920 577 1949 i.
604 1927 632 1950 e.
649 1917 809 1949 viv-becula
823 1916 954 1947 nullius
969 1914 1133 1951 nominis,
1149 1914 1252 1945 unius
1266 1912 1334 1945 diei
1352 1913 1475 1945 itinere
1489 1913 1531 1944 ab
1545 1911 1673 1943 Edessa
1689 1912 1840 1944 distans.

454 1985 495 2025 (5)
521 1982 612 2014 Hist.
637 1982 696 2013 lib.
723 1981 787 2017 111,
812 1989 885 2019 cap.
916 1979 965 2009 ¹2.

455 2042 498 2080 (4)
523 2038 695 2071 Osdroena
736 2037 805 2068 sive
840 2035 1011 2067 Osrhoena
1043 2033 1290 2074 Mesopotamiae
1326 2041 1402 2073 pars
1435 2036 1508 2064 erat
1544 2031 1675 2063 Edessae
1709 2031 1836 2063 circum

409 2099 529 2134 vicina,
549 2098 591 2129 ab
612 2095 874 2136 imperatoribus
890 2093 1046 2132 Trajano‚
1065 2092 1189 2123 Severo
1203 2097 1235 2123 et
1254 2091 1427 2122 Caracalla
1444 2090 1672 2122 Romanorum
1692 2090 1836 2130 imperio

407 2157 570 2196 subJecta.
600 2154 668 2186 Csr.
697 2154 754 2185 Dio
778 2152 912 2184 Cassius
938 2151 990 2182 XL
1010 2175 1017 2186 ,
1048 2150 1111 2186 192
1140 2151 1259 2187 LXXV,
1291 2151 1300 2181 l
1323 2160 1330 2187 ;
1356 2150 1513 2186 LXXVll,
1544 2149 1594 2180 12.

455 2215 494 2252 (5)
523 2213 634 2244 scitur
658 2212 691 2242 id
720 2219 760 2242 ex
793 2209 969 2241 Ammiano
987 2207 1202 2245 Marcellino,
1233 2207 1280 2238 lib
1306 2207 1372 2238 XlV
1390 2231 1397 2244 ,
1430 2207 1493 2244 ΙΙΙ,
1517 2208 1536 2238 5
1564 2218 1570 2238 :
1595 2216 1612 2236 «
1630 2206 1734 2237 BATNE
1761 2214 1834 2237 mu-

408 2283 423 2301 «
455 2271 614 2311 nicipium
644 2270 676 2300 in
708 2267 926 2300 Anthemusia
955 2265 1129 2297 conditum
1163 2265 1381 2296 Macedonum
1414 2273 1514 2295 manu
1543 2264 1755 2304 priscorum,
1793 2262 1835 2294 ab

408 2339 425 2357 «
455 2328 626 2367 Euphrate
655 2326 793 2357 flumine
814 2323 904 2355 brevi
929 2323 1038 2363 spatio
1064 2322 1277 2362 disparatur:
1302 2320 1465 2352 refertum
1485 2319 1732 2351 mercatoribus
1749 2327 1834 2359 opu-

405 2396 422 2416 «
452 2386 552 2416 lentis
582 2395 588 2415 z
617 2385 673 2415 ubi
701 2391 811 2414 annua
830 2381 1066 2417 solemnitate,
1100 2389 1205 2420 prope
1230 2379 1441 2418 Septembris
1459 2379 1592 2409 initium
1621 2378 1764 2413 mensis,
1792 2377 1833 2408 ad

410 2455 426 2473 «
455 2442 623 2474 nundinas
650 2449 768 2480 magua
797 2438 995 2479 promiscum.
1022 2437 1165 2469 sortunae
1193 2437 1349 2468 convenit
1373 2435 1580 2471 multitudo,
1601 2434 1640 2465 ad
1667 2443 1834 2466 commer-

408 2513 423 2531 α
451 2500 555 2532 canda
581 2508 655 2540 quae
682 2499 753 2529 ludi
783 2498 922 2529 mittunt.
943 2503 976 2528 et
1002 2496 1120 2532 SereS‚
1150 2494 1284 2535 aliaque
1302 2493 1445 2534 plurima
1472 2493 1548 2525 vehi
1575 2496 1664 2524 terra
1683 2492 1835 2533 marique

407 2569 424 2588 α
451 2562 655 2589 consueta.»
685 2574 729 2579 —
751 2556 819 2587 Hoc
846 2554 1047 2596 oppidulum
1078 2553 1203 2594 pariter
1231 2552 1385 2583 meminit
1415 2560 1452 2583 ac
1478 2551 1551 2583 fuse
1581 2551 1742 2583 describit
1775 2551 1833 2582 Ju-

406 2617 536 2652 lianus,
565 2615 597 2646 in
620 2614 719 2656 episc.
746 2614 808 2651 027,
832 2612 878 2644 ad
907 2611 1101 2643 Libanium.
1119 2628 1163 2633 —
1179 2610 1245 2641 Cfr.
1271 2611 1371 2641 etiam
1397 2609 1526 2646 Ritter,
1555 2607 1762 2644 Erclkzmde,
1786 2610 1830 2642 Χ,

409 2670 748 2708 1152,1140;Xt‚
778 2670 865 2707 280,
893 2670 979 2706 282,
1009 2669 1099 2706 284,
1126 2667 1203 2699 ⁹289.
