1931 3239
539 186 732 214 SYRORUM
758 187 860 214 HIST.
890 189 991 214 LITT.
1466 184 1486 215 9

57 277 248 320 nitriensi
263 282 518 332 pervetusto,
531 290 655 331 quem
673 278 841 332 quidem
861 277 949 333 ipse
965 278 1015 320 acl
1032 278 1217 321 medium
1234 278 1434 321 saeculum
1452 280 1482 320 V

57 347 451 405 pertinerejudicat.
468 348 566 389 Haec
581 348 722 402 itaque
739 350 969 404 fragmenta
988 363 1121 404 neque
1139 363 1234 392 cum
1257 349 1479 405 posteriori

58 419 349 476 philoxeniana
379 418 573 461 versione
599 419 800 461 confundi
830 428 1015 475 queunt,
1060 434 1196 476 neque
1224 421 1483 463 conveniunt

55 503 147 533 cum
168 490 296 532 veteri
325 489 497 530 Peshico.
518 489 626 530 Hine
650 490 865 533 referenda
892 491 1028 533 forent
1051 491 1100 533 ad
1128 491 1308 547 aliquam
1337 504 1482 534 recen·

54 563 215 605 sionem
249 561 384 603 adhuc
415 561 699 616 incognitam,
734 574 826 617 quae
864 574 963 604 sane
1009 562 1063 604 sit
1108 562 1402 617 antiquissima
1442 571 1484 605 et

55 633 97 675 in
134 645 241 688 qua,
274 644 325 674 ex
359 631 533 674 editoris
569 632 801 681 sententia,
834 632 1014 673 Matthrei
1050 632 1253 688 evangelii
1287 632 1482 689 primige-

54 716 158 746 neus
190 710 329 745 textus
351 703 436 744 fere
466 702 763 751 exhiberetur,
784 715 878 744 eum
905 702 1040 744 versio
1076 703 1222 744 saltem
1260 703 1311 744 ad
1344 704 1482 751 hune,

53 782 275 829 antequam
297 773 620 828 deperderetur,
646 773 770 815 suerit
786 774 990 816 confecta.
1011 773 1119 816 Nihil
1140 782 1280 816 autem
1302 773 1483 816 dicimus

54 845 104 888 de
126 844 217 887 aliis
240 844 504 887 versionibus
529 844 572 886 S.
595 844 849 900 Scripturae‚
881 858 975 887 cum
1006 846 1093 887 haee
1123 844 1370 900 posterioris
1398 844 1484 888 sint

53 915 186 958 aetatis
216 915 276 970 (ι).

456 1018 471 1057 ἓ
496 1020 528 1050 5.
569 1025 613 1050 DE
639 1024 850 1050 BARDESANE
875 1024 1063 1051 GNOSTICO.

111 1139 311 1195 Syrorum
355 1137 507 1180 deinde
551 1137 804 1192 scriptorum
848 1136 1009 1192 primus
1050 1135 1169 1191 cujus
1216 1144 1316 1177 :etas
1367 1143 1483 1178 certo

52 1210 214 1254 definiri
246 1217 384 1265 potest
419 1210 689 1252 BARDESANES
724 1209 826 1257 fuit,
861 1208 1014 1251 saeculo
1045 1209 1077 1250 ll
1108 1208 1152 1263 (νε)
1192 1208 1410 1250 evolvente
1442 1207 1483 1249 in

51 1403 111 1425 sur
136 1403 201 1425 unc
226 1393 392 1424 ancienne
414 1392 548 1423 version
574 1392 735 1434 syriaque
760 1391 817 1423 des
841 1390 1025 1435 Evcmyiles
1041 1416 1047 1427 ,
1065 1391 1265 1423 re‘cemmem
1291 1390 1485 1422 de'couverte

48 1454 79 1482 et
98 1449 230 1492 publie'e
247 1451 357 1491 parte
371 1449 415 1481 Dr
435 1447 583 1481 Cui-econ
596 1473 604 1486 ‚
620 1449 716 1488 cujus
733 1449 874 1487 auctor(
890 1449 1014 1487 Lebir)
1035 1449 1220 1481 Curetonio
1247 1454 1388 1480 eatenus
1404 1456 1487 1480 con-

50 1507 154 1539 sentit
171 1531 179 1543 ,
200 1511 367 1547 quatenus
382 1506 454 1546 ipse
473 1511 653 1545 utramque
667 1505 856 1537 versionem
876 1504 1016 1537 Peshico
1030 1511 1064 1538 et
1076 1505 1335 1537 curetonimzam
1354 1506 1486 1546 origine

51 1564 203 1596 eamdem
229 1567 383 1604 reputat,
419 1563 511 1594 illam
536 1571 616 1594 vero
640 1571 678 1593 ex
704 1562 764 1593 bae
787 1562 889 1594 fuisse
915 1562 1111 1594 derivatam.
1139 1563 1239 1594 Paris.
1269 1563 1366 1594 1859.

57 1614 59 1616 ’
98 1623 138 1661 (ι)
169 1621 237 1652 Huc
276 1620 423 1661 pertinet
459 1620 567 1651 versio
601 1618 853 1659 pliilooeeniana
901 1620 979 1650 anni
1020 1619 1112 1657 508,
1157 1619 1270 1652 denuo
1307 1628 1324 1650 a
1359 1620 1484 1651 Tboma

50 1678 264 1710 Heracleensi
293 1686 381 1709 anno
418 1677 484 1708 616
510 1676 721 1708 Alexandriae
746 1677 917 1716 recognita
944 1681 977 1707 et
1012 1677 1210 1714 emendata,
1243 1677 1323 1709 item
1350 1676 1487 1717 syriaca

48 1733 248 1776 lae-‘captaris
281 1733 371 1765 Pauli
406 1733 556 1764 Telensis
595 1741 670 1773 quae
707 1741 734 1763 a.
769 1733 834 1764 6¹7
870 1732 933 1764 suit
969 1734 1134 1765 confecta.
1174 1734 1220 1764 De
1253 1732 1314 1764 hac
1347 1733 1486 1765 consule

50 1793 84 1823 Α.
113 1792 154 1823 M.
183 1790 338 1828 Gerizim,
376 1789 534 1822 biblioth.
562 1790 790 1822 Ambrosianae
822 1790 961 1825 doctor,
991 1791 1045 1830 qui
1080 1790 1179 1830 hujus
1211 1790 1375 1822 versionis
1405 1790 1486 1822 reli—

49 1848 137 1890 quiis
173 1857 212 1880 ex
252 1857 331 1880 mss.
369 1848 513 1884 londin.,
556 1848 653 1888 paris.
691 1854 725 1880 et
764 1848 901 1879 mediol.
935 1848 1095 1880 eruendis
1128 1848 1209 1879 mira
1247 1848 1423 1888 diligentia
1454 1853 1487 1879 et

51 1895 230 1955 ἀκριβείᾳ
258 1904 404 1936 insudat.
427 1905 576 1936 «Omnia
603 1905 804 1937 documenta
832 1905 921 1936 edita
937 1911 1013 1936 sunt
1033 1905 1073 1935 ad
1093 1905 1253 1937 amussim
1273 1904 1312 1935 ad
1331 1903 1466 1935 codices
1480 1930 1487 1939 ,

54 1962 180 2002 «ipsis
217 1962 336 1993 horum
375 1961 474 1993 lineis
509 1962 649 1993 servatis
674 1967 706 1993 et
743 1971 842 2002 quam
880 1961 1132 1993 accuratissime
1169 1961 1264 1993 licuit
1289 1961 1352 1992 sub
1381 1960 1489 1992 oculis

53 2029 70 2048 «
98 2018 247 2050 editoris.
277 2017 355 2049 Duae
382 2017 507 2049 tabulae
535 2017 789 2059 lithographicae
816 2018 955 2050 exibent
980 2017 1164 2058 specimina
1192 2017 1339 2054 fusiora,
1363 2016 1488 2048 codicis

54 2085 71 2105 «
99 2075 261 2107 versionis
286 2074 648 2115 syriaco-hexaplaris,
682 2076 822 2108 alterius
848 2075 1083 2107 vetustissimae
1111 2075 1273 2107 versionis
1302 2074 1429 2106 Pescito
1456 2078 1491 2105 et

56 2144 71 2163 (ι
99 2132 200 2164 trium
250 2131 402 2164 codicum
454 2141 639 2173 graecorum
678 2133 840 2165 versionis
878 2133 977 2170 LXX,
1015 2140 1159 2172 quorum
1197 2132 1326 2172 primus
1376 2135 1427 2162 est
1465 2130 1489 2161 V

55 2190 205 2222 «ferme
240 2190 388 2222 seculi.»
432 2190 477 2221 lta
516 2190 628 2222 editor
661 2191 688 2221 l⁰
725 2190 885 2222 fasciculo
920 2190 1001 2222 tomi
1040 2190 1073 2227 1,
1114 2190 1171 2221 uhi
1208 2189 1307 2221 etiam
1344 2188 1375 2219 in
1410 2188 1489 2219 Pro-

56 2247 241 2288 legomenis
275 2256 311 2279 se
346 2247 478 2288 opinari
511 2248 593 2279 dicit.
632 2248 826 2280 versionem
860 2248 937 2279 Lxx
983 2249 1210 2286 interpretum
1246 2244 1408 2285 syriacam
1446 2244 1487 2275 ad

55 2310 167 2337 textus
192 2305 289 2346 graeci
316 2305 466 2337 criticem
500 2306 589 2337 inter
617 2305 774 2346 antiquas
807 2305 950 2337 aliarum
977 2304 1082 2345 lingg.
1109 2303 1280 2335 versiones
1313 2310 1386 2334 esse
1421 2309 1488 2342 prae

56 2363 198 2404 reliquis
224 2364 354 2395 utilem.
381 2380 425 2386 —
452 2364 580 2396 Partem
610 2364 709 2404 hujus
735 2364 899 2396 versionis
925 2362 1033 2396 edidit
1069 2363 1150 2394 Skat.
1180 2360 1328 2393 Rordam
1356 2370 1363 2391 :
1393 2357 1488 2391 Libri

56 2429 174 2463 reynm
201 2420 359 2462 syriace3
387 2421 451 2452 alia
477 2421 727 2461 Middeldorpf‚
757 2426 790 2453 et
816 2426 894 2453 ante
920 2429 977 2452 eos
1002 2420 1119 2461 nugati
1145 2424 1179 2450 et
1203 2418 1368 2458 Norberg.

105 2474 152 2515 (2)
176 2477 286 2517 lpsum
313 2485 458 2513 annum„
492 2486 642 2509 mensem
670 2482 703 2509 et
728 2477 817 2509 diem
844 2485 912 2517 quo
938 2482 1035 2508 natus
1061 2480 1110 2508 est
1137 2475 1341 2506 Bardesanes
1361 2471 1489 2504 notavit

61 2537 223 2571 chronici
248 2539 398 2572 edesseni
421 2544 538 2572 auctor
563 2540 680 2572 saec.vt
703 2539 905 2575 catholicus,
926 2540 957 2570 Β.
973 2539 1058 2576 Ο.Ι,
1087 2538 1174 2570 589:
1198 2516 1374 2575 ἰὶὲῖιὲ-ἐόἱγ
1399 2513 1490 2564 ΔΞ*

120 2595 134 2610 ρ

60 2591 174 2666 w?
213 2594 266 2655 ᾗ
303 2597 447 2664 ,ΞΔ
485 2597 553 2642 023
590 2593 761 2664 μεμε
818 2594 931 2656 1052
972 2592 1097 2653 „22
1129 2592 1277 2640 „210
1326 2591 1488 2657 <zuis

1258 2690 1276 2718 Ξ
