1931 3239
552 161 718 187 CARMEN
743 161 755 186 1
782 161 830 187 DE
858 161 878 186 B
919 161 953 185 v.
983 161 1011 186 M
1444 154 1506 187 2023

111 414 296 469 (Titulus
331 415 521 455 scribitur
556 415 597 453 in
631 414 760 454 codice
794 415 938 454 litteris
971 415 1126 461 rubris,
1165 424 1256 454 cum
1288 415 1451 465 punctis

704 485 876 540 myris.)

126 642 340 677 carmen
380 639 620 687 ejusdem
660 640 825 677 sancti
862 642 973 676 Mau·
1007 640 1186 676 Jaeohi
1223 640 1286 677 de
1322 641 1471 678 beata

401 709 603 754 virgine
630 709 719 746 Dei
743 709 989 754 genitrice
1015 709 1191 745 Man-ia.

136 1005 170 1047 O
213 1005 422 1060 benigne,
455 1004 574 1059 eujus
610 1004 765 1046 ostium
802 1003 922 1047 malis
957 1012 997 1047 et
1038 1004 1328 1059 peccatoribus
1364 1012 1505 1059 patet,

73 1087 201 1138 mibi,
236 1100 396 1140 quoeso,
441 1087 678 1142 ingressum
720 1086 966 1141 permittas,
1014 1094 1060 1128 ut
1100 1085 1376 1129 mirabundus
1416 1085 1505 1142 pul-

71 1167 352 1211 chritudinem
390 1175 501 1209 tuam
537 1167 814 1222 contempler.

135 1250 170 1293 Ο
203 1251 353 1293 horree
385 1249 722 1298 beatitudinum,
756 1262 808 1292 ex
834 1262 918 1305 quo
958 1249 1083 1292 etiam
1119 1250 1271 1306 ingrati
1307 1250 1504 1300 aluntur,

71 1332 198 1374 satier
224 1345 298 1388 per
322 1339 362 1374 te
380 1363 389 1379 ‚
421 1331 764 1387 quandoquidem
787 1339 833 1373 tu
855 1344 899 1374 es
937 1339 1050 1374 totus
1078 1331 1158 1374 vita
1185 1340 1226 1374 te
1249 1332 1505 1388 degustanti.

132 1414 166 1458 O
209 1414 316 1458 calix
362 1421 464 1470 potu
507 1422 580 1456 tuo
626 1413 840 1456 inebrians
889 1414 1098 1463 animam,
1145 1427 1229 1470 quo
1270 1414 1376 1457 mala
1415 1414 1505 1471 ejus

72 1495 227 1538 dentur
273 1494 502 1545 oblivioni,
546 1495 687 1538 bibam
731 1507 809 1550 ego
860 1508 910 1538 ex
954 1502 1018 1545 te,
1067 1508 1140 1551 per
1179 1503 1220 1539 te
1263 1496 1420 1552 sapiam
1459 1511 1506 1541 ac

71 1577 386 1634 generationem
421 1584 535 1619 tuam
571 1576 697 1633 digne
733 1589 942 1620 enarrem,

134 1658 168 1702 Ο
205 1666 250 1701 tu
277 1659 347 1714 qui
381 1671 514 1715 genus
551 1666 743 1701 nostrum
764 1691 773 1708 ,
806 1658 1076 1713 quantumvis
1107 1659 1356 1714 indignum,
1394 1661 1505 1702 exal-

73 1740 149 1783 tari
184 1753 267 1783 non
295 1740 566 1796 dedignaris,
600 1740 776 1783 canticis
805 1740 984 1783 amoenis
1013 1740 1186 1782 verbum
1218 1753 1359 1783 meum
1393 1741 1504 1784 exal-

72 1825 207 1866 tetur!

132 1905 209 1947 Fili
252 1906 463 1962 Virginis,
511 1908 579 1962 qui
629 1908 772 1949 factus.
803 1920 848 1949 es
895 1906 1090 1962 parvulus
1140 1907 1307 1956 infans,
1355 1914 1504 1962 praesta

71 1989 264 2044 parvitati
295 2002 397 2031 meae
428 1989 479 2032 de
511 1998 581 2032 tua
614 1990 903 2046 magnitudine
936 1990 1063 2045 loqui.

132 2070 211 2114 Fili
256 2070 495 2121 Altissimi,
535 2072 606 2127 qui
647 2071 852 2114 terricolis
889 2071 1157 2114 annumerari
1197 2070 1387 2121 voluisti,
1431 2083 1504 2125 per

71 2164 112 2199 te
139 2156 313 2199 verbum
350 2169 491 2199 meum
525 2157 568 2198 in
599 2157 730 2200 altum
755 2157 956 2199 ascendat
983 2164 1109 2211 teque
1135 2156 1371 2210 eloquatur.

131 2260 193 2302 Tu
230 2273 275 2303 es
310 2261 516 2303 Dominus
554 2269 724 2311 noster,
762 2262 946 2304 Verbum
989 2260 1219 2309 rationale,
1265 2259 1500 2310 vivificum,

72 2352 112 2386 et
141 2357 280 2388 sermo
313 2358 489 2401 magnus
517 2345 683 2388 divitias
710 2346 752 2387 in
786 2346 1000 2388 auditores
1030 2344 1265 2387 effundens.
1299 2343 1500 2395 Quicum-

119 2543 145 2564 v.
174 2535 204 2565 5.
234 2533 377 2566 Verbum
405 2527 469 2571 ἰδέ
499 2532 558 2563 boc
591 2532 663 2563 loco
693 2535 860 2562 structura
893 2529 980 2561 baud
1011 2529 1107 2560 solita
1136 2529 1272 2568 ponitur
1299 2535 1375 2559 cnm
1401 2535 1500 2558 aceu-

72 2615 164 2642 satur
186 2611 233 2641 rei
253 2634 259 2647 ‚
282 2610 354 2641 sine
379 2608 542 2649 particula
562 2600 613 2635 'Q-
