1931 3239
330 239 389 273 168
945 245 1072 271 CAPUT
1099 246 1139 271 11.

326 341 614 398 significatur,
649 342 669 394 g
698 341 726 382 8
758 338 813 381 ita
841 338 989 382 scribit
1017 354 1027 381 t
1062 356 1080 379 «
1109 339 1268 395 reliqna
1300 346 1399 382 sunt
1433 339 1633 382 vocabula
1662 352 1756 396 quae

330 430 349 453 c<
387 420 486 455 sunt
531 410 716 467 ambigui
758 411 888 466 magis
936 424 1063 461 usus,
1105 419 1146 454 et
1191 411 1234 452 in
1284 410 1432 466 maj0ri
1483 411 1757 455 contentione

329 501 348 524 ι(
386 490 608 526 versantur
647 484 784 542 μίξις,
831 492 993 543 κρᾶσις,
1044 487 1261 543 ἀνάκρασις
1305 490 1346 524 et
1388 482 1566 531 similia,
1604 482 1757 537 quibus

330 553 513 595 «latina
557 551 814 607 respondent
872 553 1036 599 mistio,
1090 553 1296 600 mistura,
1346 554 1573 594 commistio
1618 551 1664 608 (1)
1717 558 1760 595 et

329 641 348 663 «
387 622 692 679 ejusdemmodi
726 622 819 664 alia.
851 637 870 660 »
903 621 1136 664 Dicendum
1168 628 1231 663 est
1265 622 1365 664 istas
1398 622 1634 665 locutiones
1667 635 1759 666 esse

326 695 534 752 ambiguae
569 693 890 750 significationis
929 700 970 735 et
1010 705 1082 748 per
1119 706 1163 735 se
1197 693 1357 748 optime
1396 706 1628 750 congruere
1665 707 1760 737 sen-

327 766 471 810 tentiae
511 765 752 814 catholicae,
796 764 978 806 maxime
1018 763 1052 806 si
1100 764 1209 806 absit
1254 764 1540 807 contendendi
1591 765 1759 821 cupido.

328 837 470 881 Asseri
518 836 631 879 enim
680 842 819 891 potest
849 835 1035 877 Verbum
1085 834 1272 876 divinum
1317 835 1562 890 permisceri
1600 843 1760 878 naturae

328 910 555 957 humanae,
604 919 684 962 qua
738 914 860 948 tenus
908 906 1015 947 hanc
1067 905 1110 947 in
1161 905 1361 948 unionem
1408 906 1487 949 sibi
1534 908 1762 962 assumpsit

329 979 520 1022 intimam
565 985 606 1020 et
658 977 992 1034 hypostaticam,
1041 975 1250 1032 hujusque
1303 977 1519 1026 actiones,
1560 977 1761 1029 affectus,

331 1050 548 1106 passiones
608 1049 714 1105 regit
769 1056 809 1090 et
869 1047 947 1090 sibi
1005 1048 1194 1103 proprias
1250 1047 1464 1090 adscribit.
1521 1049 1760 1092 Cavendum

331 1121 600 1164 solummodo
630 1129 694 1162 est
736 1133 787 1162 ne
822 1119 982 1175 imago,
1017 1131 1108 1174 quae
1157 1120 1232 1161 hac
1260 1122 1454 1162 miscendi
1485 1133 1588 1163 vocev
1619 1119 1762 1162 statim

332 1193 542 1241 occurrit,
575 1192 624 1234 ad
649 1191 818 1233 ultimas
850 1191 1176 1245 consequentias
1197 1190 1452 1241 deducatur,
1482 1204 1529 1234 ac
1558 1199 1763 1247 perpetuo

332 1265 374 1306 in
395 1270 592 1319 promptu
624 1262 766 1304 haberi
791 1261 940 1311 debet,
964 1275 1112 1311 voces,
1136 1274 1187 1304 ex
1210 1262 1488 1304 humanarum
1513 1275 1653 1305 rerum
1687 1275 1765 1305 usu

333 1335 383 1378 ad
418 1334 557 1377 divina
599 1333 874 1390 significanda
915 1334 1151 1383 adhibitas,
1188 1333 1425 1376 necessario
1465 1347 1635 1376 mancas
1670 1346 1765 1377 esse

334 1414 375 1449 et
426 1406 717 1462 imperfectas3
758 1406 871 1461 qnod
915 1413 1016 1448 tunc
1054 1405 1264 1462 praecipue
1303 1406 1466 1449 obtinet
1502 1406 1671 1461 quando
1714 1406 1765 1449 de

334 1478 551 1521 altissimis
584 1477 680 1520 fidei
711 1485 867 1520 nostrae
905 1477 1116 1534 mysteriis
1152 1490 1291 1519 sermo
1329 1477 1580 1520 instituitur.
1612 1476 1766 1533 Hujus-

334 1550 449 1594 modi
477 1557 617 1593 autem
643 1549 943 1592 vocabulorum
971 1562 1123 1592 sensus
1152 1556 1240 1592 tum
1268 1562 1320 1592 ex
1349 1562 1426 1592 usu
1454 1550 1650 1600 Palmum,
1676 1556 1765 1591 tum

335 1637 386 1667 ex
414 1623 546 1680 ipsius
576 1623 647 1678 qui
675 1635 721 1666 ea
752 1622 968 1678 usurpavit
994 1622 1146 1664 ceteris
1176 1621 1375 1677 loquendi
1410 1622 1600 1664 formulis
1632 1620 1770 1664 deter-

336 1695 563 1737 minandus
583 1693 849 1749 relinquitur.
869 1694 958 1749 Age
982 1705 1080 1736 vero
1103 1693 1215 1736 hunc
1238 1705 1350 1735 sanae
1372 1693 1539 1736 critices
1561 1705 1767 1736 canonem

336 1765 515 1808 sectanti
563 1764 787 1806 manifesto
834 1763 963 1818 liquet
1008 1766 1249 1805 mixtionem
1285 1776 1306 1805 3
1344 1764 1501 1806 Jacobo
1541 1763 1768 1819 Sarugensi

337 1836 418 1879 dici
467 1848 542 1891 pro
591 1835 747 1876 unione
796 1834 1080 1890 hypostatica,
1124 1847 1205 1889 qua
1252 1834 1344 1876 duae
1389 1841 1549 1877 naturae
1594 1834 1769 1891 integrae

338 1917 380 1951 et
418 1908 648 1950 inconfusae
677 1907 719 1948 in
758 1907 924 1949 Christo
959 1914 1242 1962 perseverant.
1276 1907 1443 1949 Etenim
1490 1906 1629 1949 omnis
1675 1918 1769 1962 quae

338 1980 379 2022 in
412 1980 486 2022 hac
515 1978 692 2021 formula
717 1978 923 2034 reperitur
956 1978 1192 2020 obscuritas
1221 1991 1270 2021 ex
1300 1978 1393 2020 aliis
1421 1977 1511 2033 ejus
1542 1978 1686 2028 dictis,
1718 1977 1769 2020 iis

341 2051 549 2108 praecipue
581 2062 673 2106 quae
706 2063 756 2092 cx
779 2051 942 2093 Joanne
973 2050 1142 2092 Marone
1177 2063 1302 2105 supra
1335 2049 1615 2098 recitavimus,
1646 2049 1769 2105 plane

339 2122 572 2171 evanescit;
596 2121 708 2176 quod
726 2128 866 2163 autern
886 2134 931 2163 ea
959 2121 998 2162 in
1025 2120 1321 2176 manuscriptis
1343 2120 1487 2163 Jacobi
1509 2120 1767 2163 carminibus

341 2200 504 2249 reperta
540 2192 676 2234 adhuc
711 2191 884 2234 minime
920 2192 1111 2240 fuerunt,
1141 2190 1241 2233 nihil
1283 2192 1362 2233 hoc
1395 2191 1583 2246 ipsorum
1627 2199 1770 2234 aucto-

341 2264 453 2307 ritati
494 2263 656 2306 detrahi
700 2262 933 2317 putandum
979 2269 1072 2312 est3
1115 2274 1210 2303 nam
1258 2274 1394 2316 neque
1443 2261 1584 2304 omnia
1626 2262 1771 2304 Jacobi

341 2347 467 2390 opera
512 2334 554 2375 in
601 2333 817 2376 codicibus
859 2339 1156 2382 asservantur;
1195 2340 1235 2374 et
1279 2332 1313 2373 si
1356 2332 1525 2386 qnando
1569 2338 1708 2374 textus
1749 2345 1772 2374 a

341 2407 513 2449 Marone
553 2405 747 2461 producti
788 2405 839 2447 ad
880 2410 1079 2447 tractatus
1120 2403 1352 2446 etiamnum
1393 2410 1610 2446 exstantes
1649 2402 1773 2458 perti·

341 2484 557 2527 nuernnt‚
586 2476 676 2520 [ieri
710 2476 845 2532 potuit
878 2489 950 2520 eos
985 2476 1113 2518 fuisse
1147 2489 1169 2518 a
1205 2475 1330 2518 vafris
1357 2474 1546 2518 sectariis
1575 2474 1771 2518 consulto

343 2548 514 2591 silentio
545 2559 728 2602 pressos.

392 2709 433 2749 (1)
461 2708 593 2749 Syriaca
621 2714 732 2742 antem
758 2691 941 2747 134&ss
983 2690 1113 2761 νΙ-«ζζῖὲῡ
1170 2690 1327 2762 νῙ-ζὶαὲῖ
