1931 3239
633 166 677 192 Μ
687 165 775 192 com
801 164 942 194 sARUG.
970 166 1075 192 vim.
1530 160 1564 193 61

136 273 156 302 a
196 267 338 302 satana
383 259 557 314 ejusque
599 258 822 301 virtutibus
856 272 881 301 a
920 266 1027 301 recto
1066 262 1231 302 tramite
1270 258 1568 302 dimoveretur.

135 342 410 398 Dispensator
457 340 535 383 fuit
579 340 773 383 thesauro
817 353 837 382 a
879 340 1052 384 domino
1100 354 1176 384 suo
1223 342 1468 396 praefectus,
1504 341 1570 383 cui

136 423 335 467 dominus
358 422 708 479 gubernationem
742 421 888 464 tribuit
894 454 980 465 ......

195 681 340 724 Claves
379 681 580 723 coelorum
617 694 637 723 a
677 680 960 736 Redemptore
1000 688 1146 723 nostro
1177 681 1349 723 Simeon
1385 681 1568 736 accepit,

135 771 179 805 ut
210 775 304 805 eum
340 762 399 805 eis
430 762 578 818 ligaret
612 770 653 804 et
684 776 778 804 cum
816 762 876 805 eis
906 762 1086 805 solveret
1111 775 1186 817 pro
1223 775 1297 805 sua
1329 762 1568 812 voluntate;

131 845 206 887 has
239 844 365 887 etiam
400 844 560 900 aceepit
589 843 839 886 benedictus
863 851 981 899 pater
1015 857 1037 886 a
1076 844 1184 894 Deo,
1213 851 1256 886 ut
1292 857 1441 887 omnes
1474 858 1568 900 pro-

133 927 278 982 phetas
305 932 347 969 et
381 925 595 981 apostolos
634 925 838 967 laudaret.

191 1008 336 1063 Neque
368 1015 502 1050 tamen
528 1007 638 1049 inter
664 1007 879 1062 apostolos
909 1007 1177 1062 reponendus
1204 1014 1245 1049 et
1275 1007 1477 1050 locandus
1503 1014 1567 1050 est

132 1090 383 1132 benedictus
413 1097 553 1145 pater,
577 1089 650 1132 sed
681 1089 735 1132 ob
767 1101 907 1131 mores
930 1102 1029 1131 suos
1048 1096 1294 1142 praestantes
1323 1089 1363 1131 in
1391 1089 1569 1145 (lignita-

133 1174 244 1215 tibus
269 1172 488 1215 universis.
516 1172 558 1216 Si
590 1185 689 1229 ergo
718 1173 915 1222 libuerit,
948 1186 1043 1215 cum
1068 1186 1210 1216 amore
1239 1185 1494 1228 prosequere
1526 1180 1566 1216 et

131 1261 292 1297 attente
321 1254 563 1303 considera,
591 1254 878 1310 videasque...
914 1267 1038 1308 quam
1073 1254 1250 1310 insignis
1281 1254 1407 1297 suerit
1436 1254 1566 1310 ipsius

131 1337 299 1394 gradus.

195 1499 370 1555 Applica
401 1512 501 1556 ergo
536 1506 719 1542 mentem
749 1508 862 1542 tuam
891 1499 941 1542 ad
976 1500 1135 1555 priores
1169 1506 1209 1542 et
1233 1499 1418 1551 medios,
1447 1500 1566 1542 item-

133 1595 214 1637 que
266 1582 361 1625 vide
414 1583 697 1638 posteriores,
744 1590 871 1638 atque
922 1596 1069 1626 omnes
1116 1584 1329 1640 sapientes
1376 1584 1566 1627 observa.

131 1663 237 1706 Vide
284 1676 429 1706 eorum
479 1665 762 1720 praestantIam
809 1666 880 1721 qui
927 1666 1061 1708 Deum
1110 1666 1360 1715 coluerunt,
1395 1667 1567 1709 attende

131 1759 299 1803 quoque
334 1755 376 1791 et
409 1748 502 1791 vide
538 1760 610 1791 eos
644 1749 715 1804 qui
754 1756 910 1792 satanae
939 1750 1164 1805 mancipati
1200 1750 1404 1792 fuerunt:
1438 1763 1561 1805 quam

132 1916 273 1948 verbum
297 1916 442 1954 venari,
467 1917 521 1949 cui
548 1917 677 1950 notioni
703 1918 849 1950 similem
877 1918 976 1959 plane
1001 1917 1156 1950 intellexi
1184 1918 1217 1949 in
1246 1918 1403 1959 praesenti
1428 1918 1566 1950 loco.—

131 1972 285 2017 Lx--l-J-ol.
323 1981 356 2012 in
375 1980 494 2012 lexicis
522 1989 589 2013 non
619 1981 774 2014 habetur.
804 1982 980 2014 Derivatur
1004 1991 1022 2014 a
1047 1983 1119 2015 rad.
1142 1964 1238 2030 <SA
1258 1981 1374 2019 stetit.
1399 1982 1566 2020 constitit,

129 2051 254 2096 firmus
267 2053 388 2093 παίω
414 2033 508 2105 ἐξ
533 2055 678 2092 statuit,
699 2054 863 2088 condidit.
891 2056 996 2093 Hinc,
1017 2065 1092 2088 cum
1112 2058 1154 2090 de
1172 2062 1248 2089 actu
1266 2056 1388 2088 mentis
1413 2048 1566 2093 Aah-od

131 2127 168 2153 ut
193 2122 226 2154 in
255 2123 410 2163 praesenti
429 2123 502 2155 loco
516 2123 717 2161 adhibetur,
736 2124 916 2165 significari
937 2130 1051 2165 putem
1068 2122 1294 2167 firmitatem,
1315 2124 1558 2163 attentionem,

132 2184 164 2211 et
197 2188 297 2220 porro
329 2180 528 2212 vertendum
555 2190 562 2212 :
591 2183 730 2212 attente.
893 2214 896 2217 ,

178 2244 206 2266 v.
234 2237 311 2268 554.
339 2237 406 2268 Vox
436 2245 500 2268 una
531 2242 604 2269 erat
633 2237 667 2269 in
697 2238 771 2270 cod.
804 2246 940 2278 prorsus
968 2237 1098 2270 abrasa.

180 2317 208 2339 v.
237 2309 314 2341 555.
348 2302 453 2348 ῙΔῙο.
480 2310 514 2341 ln
537 2310 610 2342 cod.
640 2311 749 2343 solum
775 2316 917 2352 apparet
944 2304 1010 2348 Δίο
1028 2333 1036 2341 .
1063 2313 1165 2344 Porro
1189 2310 1337 2351 speeiem
1360 2309 1450 2342 katel
1467 2311 1564 2342 verbi

132 2374 187 2419 1ὲὶ
223 2383 378 2422 nuspiam
417 2383 529 2414 inveni
568 2391 606 2415 ea
649 2384 787 2415 notione
826 2382 1041 2420 adducendi,
1067 2380 1290 2423 applicandi,
1313 2390 1413 2422 quam
1445 2382 1475 2413 ei
1503 2382 1566 2414 hoc

133 2452 207 2486 loeo
236 2453 451 2485 tribuendam
481 2455 607 2486 censui.
634 2455 783 2486 Forsitan
813 2463 955 2486 erronee
982 2454 1156 2495 scripserit
1182 2453 1342 2485 librarius
1378 2446 1459 2491 ΙΔῙο
1504 2462 1564 2493 pro

134 2526 239 2558 forma
271 2525 360 2557 uldel
403 2521 505 2565 Uul.

181 2607 210 2629 v.
237 2598 315 2631 557.
342 2599 377 2630 ln
404 2599 477 2631 cod.
503 2600 620 2632 abrasa
648 2606 699 2632 est
724 2601 835 2633 littera
863 2610 884 2631 0
911 2600 944 2631 in
971 2609 1051 2633 voce
1077 2594 1218 2641 Q?
