1931 3239
577 147 711 172 Jacom
737 146 878 173 SARUG.
908 147 1085 174 sthIPTA.
1489 139 1547 171 tto

113 237 451 293 interpolationis
504 245 645 279 notam
681 239 816 293 arguit
856 238 1127 280 doctissimus
1168 237 1392 279 Renaudot
1416 234 1460 292 (i)
1499 237 1541 278 in

114 310 281 362 liturqia
299 322 331 350 s.
350 309 577 356 Marathoe,
601 308 723 350 aliam
745 308 895 350 merito
917 308 1156 363 suspicatur
1172 309 1260 351 Jos.
1285 308 1388 351 Sim.
1412 310 1539 351 Asse-

115 393 264 421 manus
282 379 325 435 (2)
348 379 388 421 in
410 380 608 435 operibus
623 380 665 421 S.
682 380 808 421 isaaci
830 380 983 435 Magni,
1005 393 1024 421 a
1045 380 1247 422 jacobitis
1270 380 1546 434 transcriptis.

115 451 222 493 Vere
246 454 422 505 punica,
455 451 516 492 uti
544 450 721 500 dicitur,
754 451 931 492 istorum
959 463 1008 492 ex
1032 451 1107 492 hac
1133 458 1248 505 parte
1268 453 1364 503 fides
1395 452 1546 493 merito

113 521 243 563 audit.
268 522 390 577 Apud
417 522 638 576 Evagrium
658 554 668 571 ,
687 524 753 563 lib.
775 525 801 564 5
824 524 1007 563 historice
1035 523 1330 573 ecclesiastiae,
1354 536 1441 575 cup.
1461 525 1512 565 51
1534 554 1545 571 ,

114 592 306 635 monachi
339 592 655 647 palaestiuenses
685 592 882 634 catholici
915 592 1116 634 Xenaiain
1154 600 1194 634 et
1230 593 1547 648 monophysitas

113 672 292 720 arguunt
322 664 434 718 quod
470 664 641 706 «libros
670 672 912 706 sanctorum
943 671 1108 719 patrum
1142 676 1433 719 saepenumero
1456 678 1547 708 cor-

117 753 136 776 «
169 736 386 791 ruperint;
408 751 426 774 ›>
453 735 687 791 adjungunt
712 752 730 775 «
754 735 911 777 multos
940 748 1108 790 quoque
1133 735 1391 791 Apollinaris
1420 737 1549 780 libros

117 824 135 847 ι(
169 808 425 857 Athanasio,
461 815 501 849 et
524 807 726 863 Gregorio
750 807 1091 863 Thaumaturgo,
1127 814 1169 849 et
1192 807 1303 849 Julio
1337 807 1440 850 falso
1476 809 1548 851 ad-

119 897 136 918 «
171 880 349 935 scriptos
377 880 529 929 fuisse,
567 879 720 934 quibus
757 879 965 935 praecipue
1000 879 1115 921 libris
1151 879 1465 922 multitudinem
1506 881 1547 922 in

118 968 136 989 «
171 951 325 994 erroris
359 951 424 993 sui
456 951 698 992 societatem
745 950 951 992 inducunt
989 949 1049 1004 (5).
1080 966 1098 988 »
1141 950 1233 991 Pari
1276 951 1449 1005 pertidia
1485 951 1548 993 usi

116 1031 215 1066 sunt
235 1022 519 1066 Monothelitae
538 1022 579 1063 in
601 1022 884 1077 producendis
908 1029 1151 1064 sanctorum
1176 1029 1340 1076 patrum
1361 1022 1546 1078 scriptis,

113 1095 173 1137 uti
203 1102 349 1137 notum
376 1102 440 1137 est
466 1107 517 1137 ex
547 1094 725 1137 concilio
757 1094 941 1150 generali
973 1102 1092 1136 sexto
1117 1093 1178 1149 (4).
1215 1093 1384 1136 Similes
1417 1094 1544 1137 etiam

115 1166 281 1209 fraudes
311 1180 332 1208 a
358 1166 513 1208 Graecis
543 1165 820 1208 schismaticis
852 1173 1054 1208 attentata
1080 1165 1376 1207 animadvertit
1400 1166 1547 1209 Bessa-

118 1239 208 1281 rion
246 1238 287 1279 in
331 1238 510 1280 concilio
547 1237 792 1280 Florentino
827 1237 887 1293 (5).
919 1236 1105 1279 Tandem
1150 1237 1239 1292 ipse
1271 1238 1546 1281 Barhebraeus

117 1309 320 1365 quosdam
356 1322 574 1352 sermones
608 1309 765 1352 Jacobo
801 1308 951 1364 injuria
981 1308 1161 1351 adscribi
1197 1315 1375 1351 testatur
1406 1308 1466 1365 (6).

177 1380 285 1422 Hinc
323 1381 377 1423 ita
412 1380 705 1422 concludimus
745 1395 754 1421 :
786 1379 977 1435 quamvis
1016 1379 1066 1421 de
1107 1379 1252 1422 Jacohi
1297 1379 1547 1436 Sarugensis

116 1452 384 1507 scriptorum,
406 1465 427 1493 a
452 1451 636 1506 cujusvis
655 1459 777 1493 sectae
801 1450 1043 1493 homiuibus
1062 1451 1326 1493 laudatorum
1343 1484 1352 1501 ,
1373 1452 1549 1493 authen-

117 1523 170 1566 tia
203 1524 382 1566 dubitari
414 1531 616 1578 nequeat,
646 1524 735 1566 fieri
767 1532 905 1565 tamen
941 1523 1103 1578 potuit,
1138 1531 1182 1565 ut
1210 1535 1303 1578 quae
1335 1536 1407 1579 per
1438 1524 1549 1567 solas

115 1596 402 1639 Jacohitarum
434 1609 580 1637 manus
612 1595 660 1637 ad
693 1608 770 1637 nos
798 1603 1094 1650 pervenerunt,
1122 1595 1221 1636 hinc.
1248 1595 1347 1637 inde
1385 1596 1545 1645 mutila,

115 1668 215 1723 quin
254 1668 339 1709 imo
379 1667 628 1722 interpolata
666 1667 876 1716 existant,
906 1666 1004 1708 dum
1043 1666 1082 1708 id
1122 1666 1391 1721 postulabant
1422 1675 1549 1710 sectae

117 1739 370 1795 praejudicia.
404 1738 580 1781 Difficile
617 1751 717 1780 sane
752 1745 816 1780 est
854 1738 896 1780 in
935 1751 1030 1780 casu
1072 1738 1310 1793 particulari
1345 1751 1456 1787 rem,
1492 1739 1551 1782 uti

116 1811 257 1861 aiunt,
295 1825 370 1854 acu
410 1818 602 1867 tangere;
641 1811 711 1853 sed
760 1811 871 1853 fraus
910 1811 1018 1853 haud
1054 1810 1202 1866 injuria
1241 1811 1550 1867 suspicabitur,

116 1883 451 1938 quotiescunque
470 1915 479 1931 ,
509 1882 579 1924 uhi
603 1883 654 1924 de
680 1890 924 1924 naturarum
956 1882 996 1923 in
1029 1882 1197 1924 Christo
1222 1882 1379 1925 unione
1409 1896 1548 1926 sermo

116 1954 378 2002 instituitur,
415 1953 576 1996 auctori
616 1962 763 1995 nostro
806 1966 865 1995 eae
902 1952 1188 1995 attribuantur
1224 1954 1547 2008 expressiones,

117 2038 208 2079 quae
236 2038 331 2067 cum
366 2024 455 2080 ejus
486 2024 702 2074 doctrina,
728 2024 896 2066 aliunde
929 2032 1041 2066 certa
1082 2032 1122 2065 et
1160 2024 1422 2067 orthodoxiae
1450 2038 1549 2067 con—

119 2096 265 2147 formi,
297 2110 406 2153 aegre
438 2106 509 2140 aut
543 2097 718 2139 minime
750 2096 965 2139 conciliari
994 2096 1228 2139 videantur.

165 2259 207 2299 (t)
236 2259 394 2303 Liluryy.
420 2260 558 2292 orienl't.
585 2265 663 2292 tom.
692 2260 743 2297 11,
773 2270 803 2301 p.
832 2260 908 2292 ⁶273.

167 2319 208 2357 (ει)
236 2317 267 2349 Β.
296 2318 334 2349 Ο.
362 2318 397 2354 Ι,
426 2317 503 2349 2020.
853 2328 861 2335 ·

165 2374 206 2414 (3)
233 2374 300 2406 Cfr.
329 2374 461 2413 Migne,
491 2372 623 2405 Pcztrol.
649 2383 751 2416 qroec.
779 2378 858 2405 tom.
886 2373 1059 2409 LXXXVI,
1085 2373 1148 2404 col.
1175 2372 1276 2404 2663.

167 2432 208 2471 (4)
234 2430 303 2462 Cfr.
334 2431 451 2463 Hefele
465 2456 472 2468 ,
496 2428 884 2473 Concitienqeschichte,
903 2429 1005 2461 Band
1023 2428 1099 2466 111,
1118 2438 1191 2469 pag.
1210 2429 1270 2461 241
1290 2454 1298 2467 ‚
1316 2429 1368 2461 ed.
1386 2429 1551 2471 Freiburg

119 2488 164 2519 im
192 2489 362 2527 Breisgau.

167 2545 208 2584 (5)
234 2544 300 2575 Cfr⁴
320 2543 501 2575 Garnerius
515 2568 522 2581 ‚
539 2543 628 2583 apud
646 2544 774 2584 Migne‚
795 2542 929 2575 Paci-ol.
944 2551 1048 2585 qroec.
1067 2547 1149 2574 tom.
1168 2541 1292 2580 XXXH,
1309 2542 1373 2574 eol.
1393 2542 1446 2573 40.

169 2606 209 2643 (e)
237 2603 270 2633 B.
298 2603 332 2634 Ο.
364 2602 396 2639 Ι,
424 2601 502 2633 296,
