1931 3239
510 151 644 177 JACOBI
673 150 814 178 SARUG.
842 149 1112 179 onmonoxm.
1468 141 1528 174 147

93 250 185 284 acca
217 240 350 297 qualia
380 254 432 284 ex
460 241 603 284 codice
631 241 823 291 arabico,
855 240 1008 284 saeculo
1043 241 1142 290 XV,
1166 240 1374 295 descripta
1411 240 1525 282 suere

92 326 111 355 a
162 312 352 356 Gabriele
391 313 579 355 Barclaio
620 313 851 361 maronita,
881 321 922 355 et
952 326 1063 355 anno
1098 315 1214 356 1659
1247 325 1268 354 a
1297 312 1523 354 Francisco

94 383 340 435 QuareSmiO
377 383 421 438 (t)
456 382 583 424 latine
616 382 808 437 vulgata,
846 382 984 424 dubiae
1014 382 1274 425 auctoritatis
1303 382 1410 424 forte
1439 394 1521 424 non

93 454 301 497 immerito
328 454 583 503 habeantur,
616 453 726 495 nulla
759 462 898 495 tamen
930 454 1034 495 ratio
1065 455 1251 508 suppetit
1280 467 1355 495 cur
1385 454 1521 508 ipsum

90 526 228 567 sic-tam
257 538 479 580 personam
510 525 753 574 habeamus,
775 524 949 580 ejusque
976 525 1027 567 (le
1049 525 1205 568 Jacobo
1227 524 1518 567 testimonium

92 596 329 652 rejiciamus
357 604 402 639 ut
431 596 647 651 spurium3
676 596 754 638 hoc
781 596 894 639 enim
918 609 1001 638 non
1031 604 1112 638 tam
1140 596 1315 639 Joannis
1343 595 1524 638 auctori—

90 674 173 709 tate
191 699 200 717 ‚
232 680 355 722 quam
388 667 489 722 ipsis
515 666 658 709 Jacobi
685 666 894 716 textibus,
916 667 957 708 in
990 666 1159 722 scriptis
1187 666 1402 708 catholicae
1428 678 1524 708 sen-

92 736 234 778 tentiae
257 749 350 792 quae
375 737 527 780 tloanni
547 737 853 787 attribuuntur,
870 737 1087 787 innititur;
1112 749 1236 792 porro
1258 744 1396 779 textus
1417 735 1524 786 illos,

89 820 194 862 quos
232 808 409 850 articulo
451 816 654 863 sequente
704 808 1013 863 producemus,
1048 807 1164 849 nullo
1202 807 1296 862 jure
1331 807 1523 862 supposi-

90 880 169 922 tios
192 893 284 923 esse
315 888 474 922 statuas
494 913 504 929 ‚
533 881 697 923 etiamsi
725 880 948 923 Assemani
968 913 977 929 ,
1011 880 1195 922 Maronis
1229 892 1449 935 personam
1480 886 1520 921 et

88 952 240 1007 scripta
277 951 557 1001 vindicantis,
586 959 834 1007 argumenta
871 951 1102 993 infirmiora
1138 950 1355 992 arbitreris
1394 962 1518 1005 quam

89 1030 132 1064 ut
159 1022 280 1065 fidem
302 1031 458 1066 certam
480 1023 662 1066 efficiant
691 1030 732 1066 et
754 1022 1093 1079 peremptoriam.
1116 1021 1311 1065 Ceterum
1332 1021 1522 1075 quamvis

90 1093 388 1137 Maronitarum
414 1094 657 1144 auctoritas,
682 1094 793 1149 quod
820 1093 972 1149 saepius
1001 1100 1120 1149 urget
1140 1091 1431 1135 Renaudotius
1451 1090 1517 1148 (2),

88 1164 129 1207 in
153 1165 278 1207 rebus
301 1166 388 1207 suis
409 1166 586 1208 maxima
609 1178 692 1207 non
713 1165 781 1215 sit,
804 1178 851 1207 ea
873 1165 1148 1207 nihilominus
1171 1177 1263 1219 quae
1286 1162 1337 1206 de
1356 1163 1520 1206 ,Ioanne

86 1250 136 1280 ex
170 1237 382 1293 Stephano
414 1237 624 1280 Edenensi
649 1237 825 1293 aliisque
861 1237 987 1279 tradit
1022 1238 1310 1284 Assemanus,
1344 1241 1391 1276 ut
1430 1246 1518 1276 om-

86 1309 187 1352 nino
217 1309 317 1352 falsa
346 1310 486 1365 respui
512 1323 634 1365 posse
662 1323 772 1366 aegre
805 1322 1051 1362 censerem3
1082 1315 1208 1363 atque
1235 1317 1280 1349 ut
1313 1319 1363 1349 eo
1392 1306 1521 1348 ducar

86 1392 153 1422 me
186 1381 368 1422 maxime
408 1389 579 1423 movent
614 1381 756 1437 inepta
793 1381 1042 1436 plerumque
1081 1387 1122 1423 et
1162 1378 1302 1421 inania
1346 1390 1439 1433 quae
1476 1377 1517 1419 in

85 1452 344 1494 contrarium
380 1453 615 1509 allegantur
652 1461 915 1509 argumenta.
949 1453 1059 1505 Quid
1094 1452 1239 1495 enim?
1269 1451 1515 1494 Universam

84 1522 372 1565 Maroniticam
412 1532 581 1580 gentem
615 1524 743 1566 fuisse
779 1523 1108 1566 monotlielismo
1144 1522 1353 1565 addictam
1392 1521 1517 1563 tradit

84 1593 375 1636 Renaudotius
421 1593 498 1649 (3),
541 1594 753 1637 Guillelmi
793 1595 932 1650 Tyrii,
977 1593 1168 1649 Eutychii
1208 1591 1515 1641 Alexandrini,

85 1664 284 1714 Makrizii‚
307 1665 571 1720 aliorumque
596 1666 804 1721 praecipue
828 1666 1014 1708 Arabum
1043 1663 1294 1707 testimoniis
1319 1663 1516 1711 innixu83

83 1744 124 1778 at
152 1749 249 1778 vero
270 1736 420 1778 horum
453 1736 629 1778 scientia
652 1737 850 1779 historica
880 1750 930 1779 eo
957 1736 1076 1778 valde
1103 1736 1262 1778 incerta
1286 1735 1512 1790 probatur,

83 1808 194 1863 quod
242 1809 556 1850 monothelismi
608 1809 813 1865 originem
858 1809 1064 1851 monacho
1111 1809 1277 1851 cuidam
1322 1808 1514 1857 Maroni,

85 1887 273 1935 tempore
299 1880 565 1935 imperatoris
595 1881 777 1923 Mauritii
807 1881 976 1931 viventi,
1001 1888 1152 1923 contra·
1179 1893 1314 1922 coaeva
1342 1881 1512 1922 Patrum

83 1949 334 1992 documenta
374 1958 415 1992 et
450 1951 582 2006 ipsius
621 1952 788 1994 concilii
827 1952 1036 2008 generalis
1073 1952 1180 1994 sexti
1217 1951 1512 1993 auctoritatem

83 2020 326 2064 adscribunt
354 2021 423 2077 (4>;
452 2035 503 2064 ex
533 2022 598 2064 his
624 2031 763 2065 autem
796 2030 912 2065 certo
937 2023 1093 2065 certius
1124 2030 1288 2064 constat
1317 2022 1509 2064 haeresim

128 2161 169 2200 (ι)
195 2159 262 2192 Cfr.
282 2158 478 2192 Elucidacio
497 2164 598 2193 terrcc
613 2164 763 2200 sanctoe,
781 2161 965 2199 historica,
986 2160 1175 2204 theoloyica
1189 2186 1198 2199 ,
1218 2161 1381 2198 moralis,
1399 2161 1459 2193 lib.
1477 2162 1508 2200 1,

80 2225 152 2258 cap,
177 2218 243 2256 57;
269 2223 350 2249 tom.
375 2218 412 2256 1,
440 2227 513 2259 pag.
540 2218 598 2251 96.

127 2274 168 2313 (Ξ)
194 2273 261 2306 Cfr.
281 2273 436 2306 Historia
462 2275 658 2317 patriarch.
678 2275 861 2308 alemandr.
891 2285 987 2317 pagg.
1007 2275 1071 2307 150
1087 2299 1094 2313 ‚
1111 2275 1197 2312 5483
1214 2274 1358 2317 litim-99.
1375 2274 1513 2306 orientt.

81 2330 128 2367 11,
156 2340 251 2372 pagg.
277 2332 311 2370 V,
339 2333 415 2364 58t.

125 2387 166 2428 (5)
192 2387 282 2419 Hist.
305 2388 500 2430 patriarch.
526 2388 709 2421 alcmandr.
739 2399 812 2431 pag.
840 2391 919 2422 548.

124 2445 166 2484 (Δ)
192 2445 258 2477 Cfr.
285 2446 502 2478 Taki-eddini
529 2447 678 2478 Makrizii
711 2446 861 2478 historia
894 2450 1070 2488 coptorum
1102 2445 1394 2482 christianorum,
1436 2453 1508 2477 ara-

79 2501 154 2534 bice
179 2506 213 2533 et
238 2502 342 2534 latine
364 2503 453 2534 edita
478 2503 521 2534 ab
547 2504 583 2535 H.
609 2503 636 2535 J.
665 2503 808 2540 Wetzer,
835 2503 1012 2539 Solisbaci,
1041 2502 1149 2540 1828,
1175 2511 1256 2545 pay.
1283 2503 1324 2533 Π
1347 2511 1353 2533 r
1374 2512 1392 2533 «
1410 2502 1508 2534 Tem-

83 2569 99 2589 «
129 2567 209 2599 pore
236 2558 452 2599 imperatoris
483 2560 629 2592 Mauritii
656 2561 790 2592 caesaris
825 2560 1009 2592 monachus
1040 2559 1178 2592 nomine
1215 2560 1328 2591 Maron
1357 2559 1473 2591 docuit
1500 2568 1507 2590 ε

83 2625 99 2645 «
126 2616 300 2655 Messiam,
328 2617 381 2648 cui
403 2616 446 2648 sit
475 2618 559 2658 pax!
588 2626 661 2650 esse
686 2618 769 2650 duas
796 2623 953 2656 naturas,
982 2626 1082 2649 unam
1118 2617 1325 2650 voluntatem
1349 2622 1383 2649 et
1409 2624 1509 2647 unam
