1931 3239
1506 159 1525 166 Α

581 164 774 192 SYRORUM
798 163 902 191 ffls'r.
928 165 1031 190 LITT.
1514 171 1521 190 t

96 258 186 301 Non
231 269 297 299 me
342 256 440 298 latet
492 256 661 311 quidem
712 270 733 298 a
782 257 1040 310 gravissimis
1086 257 1329 298 auctoribus
1375 257 1523 299 horum

92 328 442 370 documentorum
475 327 705 380 γνησιότητα
731 326 884 368 acriter
922 326 1186 382 impugnari,
1220 339 1355 381 neque
1385 326 1419 368 is
1448 340 1526 382 ego

92 410 185 439 sum
213 396 284 451 qui
313 403 471 438 tantam
500 394 613 436 litem
639 394 837 438 dirimere
862 397 1036 451 possim.
1058 398 1380 439 Eorum-tamen
1405 410 1526 453 argn-

92 476 261 517 menta‚
303 475 347 509 ut
387 467 486 509 mihi
534 467 703 522 quidem
743 468 933 518 videtur,
979 468 1186 524 ejusmodi
1228 481 1308 510 non
1348 476 1445 511 sunt
1483 476 1528 510 ut

93 539 324 581 rationibus
358 551 441 580 non
482 538 734 593 spernendis
765 547 834 581 aut
865 540 1054 582 enervari
1094 547 1165 582 aut
1202 540 1327 582 etiam
1358 539 1526 596 penitus

90 609 259 653 dissolvi
288 616 525 663 nequeant;
550 615 676 663 atque
706 609 771 651 hic
803 618 1003 665 praeterea
1036 610 1345 653 observandum
1371 624 1524 653 moneo

89 682 130 724 in
164 694 208 723 re
243 680 439 722 historica
482 680 765 735 periculosum
800 694 892 723 esse
927 682 1102 736 positiva
1147 682 1416 732 testimonia,
1454 683 1524 724 uhi

91 761 241 809 praesto
272 753 502 800 habentur,
534 752 691 794 criticis
724 752 980 808 conjecturis
1012 767 1104 808 quae
1132 755 1219 796 sola
1250 754 1526 797 documento-

92 838 180 867 rum
211 823 352 866 indole
383 831 453 865 aut
489 832 676 865 veterum
700 823 870 865 silentio
905 825 1118 873 nitantur,
1151 833 1309 867 temere
1340 838 1526 879 pessum-

90 896 189 938 dare
230 895 289 938 vel
331 894 423 950 plus
456 907 576 950 aequo
612 894 838 950 negligere.

241 1049 256 1088 ξ
281 1049 312 1081 ⁶2.
361 1056 406 1081 DE
430 1055 601 1087 ANTIQUIS
627 1056 867 1082 VERSIONIBUS
893 1057 1053 1083 sxanxms
1079 1058 1107 1082 s.
1135 1057 1359 1084 SCRIPTURAE.

152 1170 274 1213 Certe
306 1169 355 1212 ad
391 1169 598 1225 originem
631 1170 939 1213 Christianismi
977 1170 1018 1212 in
1051 1170 1166 1227 Syria
1201 1184 1331 1227 prope
1364 1171 1524 1214 accedit

91 1241 165 1284 SS.
186 1241 499 1296 Scripturarum
522 1241 742 1296 utriusque
764 1241 933 1284 foederis
955 1242 1115 1291 versio,
1141 1254 1235 1297 qnae
1264 1243 1424 1284 Peshito
1449 1255 1522 1284 sen

93 1314 271 1369 simplex
286 1313 519 1369 nuncupari
535 1313 642 1356 solet
658 1329 668 1356 ε
684 1331 701 1353 (ι
713 1313 872 1357 Omnes
889 1314 1162 1365 conveniunt,
1178 1315 1235 1356 ait
1249 1314 1309 1358 Cl.
1324 1314 1524 1371 Lamyh),

95 1403 112 1425 (i
153 1386 391 1428 versionem
438 1385 607 1427 Peshito
647 1398 720 1428 seu
762 1385 997 1441 simplicem
1037 1398 1128 1428 esse
1167 1386 1523 1441 antiquissimam.

93 1475 109 1496 «
151 1457 240 1509 Qua
274 1466 413 1499 autem
447 1458 620 1512 praecise
646 1465 797 1507 aetate,
829 1458 983 1512 quibus
1015 1457 1282 1507 auctoribus,
1314 1472 1397 1514 quo
1430 1460 1522 1502 loco

93 1547 109 1567 «
149 1529 340 1571 confecta
364 1528 502 1577 suerit,
522 1541 605 1570 non
626 1528 682 1570 ita
703 1528 822 1571 facile
845 1528 1073 1570 definieris.
1099 1529 1324 1572 Probabile
1347 1531 1523 1573 omnino

93 1618 110 1638 (ι
150 1607 213 1642 est
237 1607 356 1641 vetus
377 1599 697 1642 Testamentum
722 1600 881 1655 syriace
908 1599 1154 1641 translatum
1180 1600 1308 1643 fuisse
1331 1608 1521 1657 tempore

92 1690 109 1710 «
150 1671 265 1714 Adaei
287 1671 463 1726 apostoli
485 1703 494 1719 ‚
524 1670 647 1726 paulo
668 1679 761 1726 post
791 1671 1016 1713 adventum
1040 1670 1194 1714 Christi
1219 1672 1402 1714 Domini.
1434 1674 1522 1716 Hoc

96 1760 113 1781 «
153 1755 248 1784 cum
297 1742 544 1784 Barhebraeo
583 1741 753 1784 tradunt
791 1749 984 1784 auctores
1023 1742 1130 1798 Syri.
1170 1743 1352 1786 Jacobus
1392 1745 1520 1788 Edes-

96 1832 113 1853 «
153 1827 306 1864 senus,
350 1814 420 1869 qui
460 1814 511 1856 ad
555 1813 681 1856 finem
728 1814 870 1857 saeculi
908 1815 979 1856 Vll
1017 1815 1254 1866 scribebat,
1281 1816 1523 1872 *explanans

87 1978 168 2006 tunc
188 1983 340 2007 assumar
365 1976 453 2016 apud
486 1976 582 2008 illum
607 1977 664 2017 qui
690 1985 743 2009 me
772 1978 872 2009 misit.
904 1977 943 2010 Et
970 1987 1046 2010 cum
1072 1984 1267 2020 assumptus
1295 1980 1412 2017 fuero,
1444 1981 1523 2012 mit-

86 2035 153 2062 tam
179 2031 241 2063 tibi
266 2041 370 2064 unum
407 2042 446 2065 ex
479 2034 656 2075 discipulis
693 2035 776 2067 meis
809 2036 866 2076 qui
893 2042 989 2068 curet
1014 2036 1246 2070 infirmitatem
1279 2042 1392 2076 tuam,
1419 2045 1522 2079 atque

86 2089 185 2120 etiam
210 2090 353 2121 salutem
377 2090 475 2122 dabit
505 2091 566 2121 tibi
597 2096 631 2123 et
658 2092 698 2123 iis
726 2093 784 2133 qni
812 2097 923 2125 tecum
951 2098 1074 2125 sunt.»

132 2146 289 2178 Laudatae
320 2147 472 2187 epistolae
508 2156 617 2188 graece
665 2150 884 2189 reperiuntur
921 2150 1010 2191 apud
1051 2151 1256 2188 Eusebium,
1299 2150 1390 2183 Hist.
1430 2154 1521 2191 eccl„

88 2203 147 2234 lib.
174 2203 197 2237 Ι.
224 2204 276 2234 ed.
294 2204 421 2244 migne,
438 2205 490 2236 XX
508 2229 515 2241 ,
534 2204 612 2236 coll.
641 2207 700 2237 1⁶21
722 2212 757 2238 et
787 2207 870 2245 1⁹2&
898 2208 979 2240 item
1000 2208 1088 2248 apud
1109 2209 1242 2249 Moysen
1268 2209 1519 2242 Chorenensem

85 2261 306 2293 Arnienorum
328 2262 636 2303 historiographum
663 2265 720 2304 qui
746 2260 821 2296 saec'.
848 2266 873 2295 V
898 2265 1011 2297 floruit
1037 2273 1070 2298 et
1091 2266 1194 2298 latine
1222 2266 1368 2306 primum
1397 2268 1524 2308 prodiit

85 2318 226 2350 Londini
257 2320 355 2351 1736.
375 2320 497 2351 Earum
526 2327 688 2362 praeterea
708 2323 935 2354 meminerunt
956 2324 988 2354 S.
1009 2323 1160 2363 Epliroem
1180 2333 1187 2361 ;
1206 2324 1237 2355 S.
1256 2324 1400 2356 ,lacobus
1418 2326 1520 2357 Saru-

84 2377 196 2416 gensis
215 2377 246 2407 B.
272 2377 308 2408 Ο.
331 2377 361 2415 1,
388 2379 476 2416 518;
501 2378 601 2411 josue
625 2380 763 2423 Stylites
789 2381 819 2411 B.
839 2381 875 2411 Ο.
894 2381 924 2419 Ι,
945 2381 1005 2412 261
1028 2391 1036 2419 ;
1058 2381 1234 2422 Dionysius
1251 2382 1521 2414 Telmaharensis

84 2433 118 2465 B.
144 2435 178 2467 0,
206 2434 308 2468 hmo
323 2444 331 2473 ;
348 2435 569 2467 Barhebraeus
582 2441 644 2468 etc.
662 2455 706 2460 —
724 2438 769 2469 De
796 2438 836 2469 iis
853 2443 886 2469 et
906 2438 947 2470 de
971 2438 1103 2479 origine
1131 2439 1323 2472 christianae
1347 2440 1523 2480 religionis

83 2490 117 2521 in
132 2491 302 2528 Armenia,
323 2492 446 2524 videsis
464 2493 627 2533 optimam
646 2494 912 2534 disputationem
932 2495 966 2526 D.
989 2495 1099 2527 Welte
1113 2519 1122 2534 ‚
1139 2496 1227 2536 apud
1250 2507 1256 2527 :
1280 2491 1520 2539 leeocoqiselw

87 2545 390 2590 antrtalscltrist,·
416 2550 593 2592 Tubingen
611 2575 618 2589 ‚
645 2552 732 2584 1842
749 2577 757 2590 ‚
786 2562 842 2593 pp.
869 2552 1037 2585 535-565.

129 2605 171 2644 (t)
198 2604 412 2638 Introdnccio
437 2607 475 2639 ‘in
500 2607 533 2640 S.
560 2607 788 2650 Scriptnrcmz.
816 2611 892 2642 Pars
920 2611 1026 2650 prima
1044 2636 1052 2648 ‚
1084 2622 1114 2652 p.
1146 2612 1208 2644 182
1238 2620 1310 2652 seq.
