1931 3239
625 159 761 185 ,ιΛςοΒΙ
788 160 928 185 SARUG.
958 160 1062 186 VITA.
1517 156 1559 187 55

130 253 278 296 decent
310 251 369 294 uti
402 262 578 307 gemmae
614 253 749 294 decent
778 252 976 294 Ecclesiae
1014 253 1157 296 electae
1192 254 1389 309 praesules
1433 263 1558 311 atque

126 333 365 378 sacerdotes
411 339 608 384 sanctos3
653 334 704 375 ab
749 334 813 376 his
853 335 964 377 enim
1010 336 1104 391 agni
1147 336 1286 379 ovium
1334 338 1556 394 signantur

126 427 167 461 et
202 416 416 474 signaculo
458 416 708 459 muniuntur
742 418 785 460 in
824 418 943 474 aquis
989 419 1158 461 mundis
1199 420 1463 476 baptismatis
1514 422 1555 464 in

125 500 287 543 veniam
328 505 593 554 peccatorum
625 501 793 549 collaci,·
837 500 1072 544 rectoribus
1111 501 1280 544 demum
1321 503 1554 559 ovibusque

125 590 166 626 et
195 583 312 639 agnis
345 584 528 625 convenit
565 582 695 625 nitida
725 596 879 626 corona
912 584 1147 627 omnicolor
1175 592 1215 628 et
1243 586 1520 629 odoriferam.

186 739 335 782 Adami
366 739 491 795 capiti
521 739 723 795 imposuit
751 753 966 791 coronam,
993 741 1210 785 doloribus
1241 750 1281 785 et
1299 743 1432 798 spinis
1460 756 1555 786 nec-

125 832 208 863 non
243 821 481 877 omnigenis
518 821 775 864 cruciatibus
825 822 1058 873 insertam,
1098 824 1151 866 ob
1193 823 1281 879 ejus
1323 833 1552 879 peccatum.

124 904 354 948 Constituit
419 905 545 948 Hevae
600 912 645 948 ut
696 906 737 947 in
787 906 1004 949 doloribus
1069 915 1232 962 pareret
1295 907 1400 950 filios
1455 921 1555 951 suos

121 987 274 1043 quippe
309 999 401 1042 quae
433 987 595 1030 Adamo
628 988 951 1043 trangressionis
987 989 1172 1031 mandati
1203 1003 1326 1032 causa
1371 989 1552 1032 exstitit.

119 1069 276 1113 Statuit
314 1069 501 1126 serpenti
532 1069 746 1126 pulverem
783 1070 862 1126 ipsi
896 1083 968 1126 per
1003 1078 1131 1114 totam
1167 1071 1292 1114 vitam
1331 1072 1372 1114 in
1411 1086 1550 1116 escam

122 1167 364 1204 cessurum,
398 1153 493 1210 quia
529 1154 754 1209 deceperat
787 1154 1011 1196 Adamum.

183 1365 317 1422 Capiti
346 1365 516 1409 Habelis
547 1379 746 1409 coronam
781 1366 982 1422 imposuit
1016 1367 1220 1423 sanguine
1248 1367 1338 1423 ejus
1365 1368 1553 1411 continc-

121 1457 228 1499 tam‚
271 1462 322 1493 eo
362 1449 475 1505 quod
510 1449 655 1492 dolore
692 1449 848 1505 percita
885 1450 1010 1492 fuerit
1050 1450 1203 1492 invidia
1240 1463 1332 1506 quae
1372 1458 1413 1493 et
1443 1452 1554 1493 hunc

121 1532 391 1575 innocentem
445 1532 622 1575 necavit.
668 1533 799 1575 Porro
857 1533 1004 1575 doctor
1045 1532 1235 1575 doctriua
1281 1546 1355 1575 sua
1394 1533 1554 1576 detexit

118 1613 394 1670 ignominiam
435 1613 553 1657 Caini
596 1614 807 1657 maledicti
855 1615 923 1670 qui
964 1616 1131 1658 fratrem
1186 1628 1308 1657 suum
1352 1615 1554 1659 insidiose

119 1697 295 1741 necavit.

180 1781 241 1823 De
285 1780 386 1824 Seth
431 1787 571 1823 autem
613 1781 876 1829 clarissimo,
923 1781 1085 1823 Adamo
1121 1781 1160 1822 in
1196 1781 1394 1824 omnihus
1431 1780 1553 1825 lineis

118 1863 295 1914 similis,
339 1876 414 1920 per
445 1876 571 1919 quem
612 1864 654 1906 in
688 1864 802 1906 luctu
845 1877 921 1906 suo
961 1865 1073 1907 Heva
1117 1872 1158 1907 et
1194 1865 1328 1907 Adam
1363 1866 1553 1909 consola-

117 1946 275 1988 tionem
321 1954 626 2001 perceperunt‚
670 1947 823 2001 pariter
871 1953 1090 1989 tractatum
1130 1947 1254 1989 habet
1304 1948 1551 1991 benedictus

117 2035 259 2083 pater,
298 2013 356 2069 uti
397 2027 522 2070 etiam
569 2027 619 2070 de
652 2027 765 2083 justo
805 2028 974 2070 Noacho
1022 2036 1062 2071 et
1108 2028 1159 2071 de
1192 2028 1343 2070 illustri
1384 2029 1552 2072 Melchi-

116 2109 258 2153 sedek.
288 2109 392 2153 Item
422 2110 473 2153 de
505 2110 744 2152 Abrahamo
773 2110 1023 2166 populorum
1055 2118 1096 2153 et
1126 2111 1377 2153 familiarum
1410 2120 1549 2167 patre3

115 2285 416 2318 conformationem
447 2286 599 2327 praebere
624 2286 813 2319 videantur.
831 2305 874 2310 —-
892 2287 925 2318 ln
953 2296 1032 2320 voce
1067 2280 1173 2330 3322?
1210 2286 1319 2318 littera
1348 2295 1372 2317 ε
1395 2287 1438 2319 ob
1464 2287 1551 2319 dilu-

115 2347 185 2376 tum
211 2348 438 2376 atramentum
461 2343 608 2375 discerni
636 2353 701 2376 non
729 2349 873 2386 poterat.

162 2414 190 2436 v.
219 2405 294 2437 299.
324 2398 471 2449 μΔΔῖρ
519 2413 630 2437 uem
656 2407 726 2441 fere
752 2408 887 2440 evanuit
914 2416 931 2438 e
956 2407 1031 2439 cod.

160 2488 189 2510 v.
215 2480 293 2513 501.
337 2473 450 2520 Q?
501 2483 637 2523 proprie
662 2493 669 2513 :
692 2481 752 2525 qui
776 2482 943 2514 insidiose
967 2484 997 2512 et
1018 2478 1261 2522 fraudulenter
1286 2481 1368 2523 eyit.
1397 2480 1545 2513 Verbum

115 2539 164 2568 est
190 2535 302 2569 dubiae
331 2538 487 2570 lectionis
511 2538 544 2570 in
571 2538 647 2570 cod.

160 2608 189 2629 v.
216 2598 293 2630 504.
326 2593 458 2642 ἰὶ-δοίὲο
504 2601 688 2633 admodum
713 2600 857 2633 obscure
881 2603 1055 2639 comparet
1083 2599 1113 2630 in
1141 2598 1217 2630 cod.
