1931 3239
578 164 743 191 CARMEN
770 166 796 191 11
821 167 868 191 DE
895 167 929 192 n.
956 166 991 191 ι’.
1019 167 1060 192 M.
1471 162 1534 194 2553*

162 254 417 310 Sanguinem
469 262 588 298 tuum
639 258 868 312 pretiosum
912 271 987 313 pro
1033 271 1099 301 me
1146 258 1328 301 effudisti
1371 272 1417 302 ac
1462 274 1533 315 per

101 337 216 379 illum
254 351 320 380 me
354 338 567 381 redemisti
606 355 614 381 :
650 340 865 395 possideas
897 349 939 382 tu
968 354 1034 384 me
1060 355 1184 396 quern
1217 341 1453 391 redemisti,
1490 351 1530 385 et

76 412 162 464 'l'ac
187 433 254 464 me
284 422 499 476 possidere
526 423 698 466 verbum
729 431 862 473 tuum,
892 437 974 479 quo
1001 434 1138 468 ortum
1171 434 1288 468 tuum
1323 427 1531 469 enarrem!

158 504 246 559 Ego
294 503 428 559 pretio
483 518 636 561 magno
689 507 919 559 redemptus
961 520 1076 555 sum,
1117 507 1188 550 sed
1233 515 1302 556 tu,
1347 509 1529 551 Domine

97 583 182 633 mi,
211 593 378 640 emptus
410 598 454 628 es
482 585 637 641 gratis3
670 586 769 641 quid
804 587 916 629 enim
954 588 1078 630 habet
1116 588 1300 630 mundus
1338 589 1448 643 quod
1480 590 1530 631 ad

97 667 322 709 emendum
377 675 416 709 te
465 668 723 724 elargiatur?
779 667 942 720 Quidve
989 671 1219 726 accepisset
1270 671 1393 713 Pater
1435 679 1530 713 tuus

97 761 172 803 pro
207 748 360 792 dilecto
391 751 501 793 suo?

155 830 287 873 Simul
339 845 386 875 ac
439 832 603 876 volebat
655 840 693 875 te
742 833 783 875 in
833 833 1011 888 pretium
1054 834 1152 876 dare
1210 842 1380 890 propter
1425 848 1526 885 nos,

97 914 282 969 oportuit
323 922 367 957 ut
405 916 534 972 gratis
577 922 616 959 te
663 916 839 958 donaret
877 916 1144 965 hominibus,
1183 915 1526 971 quandoquidem

96 996 131 1037 si
167 1009 239 1050 per
274 997 454 1051 pretium
493 997 574 1039 emi
613 997 861 1045 debuisses,
900 1010 1023 1039 nemo
1060 1005 1098 1039 te
1131 1009 1271 1039 emere
1307 997 1526 1052 potuisset.

96 1079 200 1131 Quis
235 1080 346 1121 enim
381 1080 506 1121 hahet
540 1080 650 1134 quod
684 1080 725 1122 in
761 1081 939 1136 pretinm
972 1081 1027 1122 tui
1064 1081 1242 1129 tribuat,
1275 1093 1300 1122 o
1332 1080 1385 1122 lili
1416 1081 1529 1123 Dei?

93 1162 177 1203 Aut
225 1160 324 1216 quid
380 1161 564 1203 vicissim
613 1162 802 1204 conferat
851 1163 921 1217 qui
978 1170 1016 1204 te
1066 1174 1207 1204 emere
1245 1161 1375 1204 velit?
1415 1161 1524 1213 Quid

93 1243 263 1285 demum
293 1244 418 1285 Pater
456 1250 553 1285 tuus
583 1251 622 1285 te
663 1243 888 1300 largiturus
915 1243 1146 1299 acciperet,
1180 1243 1522 1299 quandoquidem

94 1324 239 1366 mundi
266 1332 307 1367 et
340 1337 487 1367 omnes
516 1325 773 1368 habitatores
802 1338 948 1368 eorum
983 1337 1067 1367 non
1098 1332 1197 1367 sunt
1232 1332 1272 1367 te
1305 1324 1451 1380 digni?

158 1429 269 1472 Vidit
308 1443 329 1472 a
371 1431 540 1473 nemine
601 1443 722 1485 posse
779 1430 957 1485 pretium
1010 1437 1126 1471 tumn
1182 1428 1394 1485 praestari3
1440 1430 1526 1470 ideo

93 1511 322 1567 assumpsit
356 1520 395 1555 te
432 1512 646 1569 gratisque
690 1512 882 1562 donavit,
929 1520 974 1553 ut
1015 1524 1088 1567 per
1133 1519 1172 1554 te
1217 1523 1389 1559 omnes,
1431 1517 1525 1552 utut

92 1590 314 1648 indignos,
346 1593 511 1636 ditaret.

153 1674 214 1716 Ex
249 1687 392 1718 amore
428 1676 550 1718 Pater
583 1674 699 1717 dedit
732 1674 854 1716 nobis
898 1674 1027 1730 gratis
1061 1673 1334 1730 Unigenitum
1373 1685 1524 1723 suum3

93 1772 170 1802 nos
202 1760 328 1816 igitur
363 1774 459 1803 cum
497 1773 640 1803 amore
669 1773 764 1803 eum
793 1772 1039 1802 enarremus
1078 1757 1327 1813 simpliciter
1361 1765 1402 1800 et
1432 1757 1524 1799 sine

91 1843 375 1893 scrutatione,
407 1856 490 1885 non
526 1843 566 1884 in
602 1842 673 1884 lite
699 1850 741 1885 et
767 1840 1068 1889 contentione,
1104 1852 1240 1895 neque
1271 1838 1311 1880 in
1348 1838 1524 1893 inquisi-

92 1927 229 1976 tione,
263 1934 332 1968 aut
363 1925 514 1967 astutia
545 1937 637 1979 quae
668 1924 774 1979 parit
805 1921 1128 1966 controversias.

153 2007 292 2052 Gratis
330 2020 425 2049 eum
465 2005 729 2061 accepimus,
773 2005 1012 2047 exultemus
1054 2003 1095 2044 in
1138 2015 1188 2044 eo
1230 2002 1321 2044 sine
1359 2000 1523 2056 jurgio,

93 2088 134 2130 in
177 2101 326 2143 pascua
373 2101 447 2130 sua
488 2087 722 2130 introduxit
770 2099 861 2135 nos,
903 2093 949 2127 ut
997 2096 1215 2140 pascamur
1255 2090 1297 2125 et
1338 2082 1524 2137 requies-

93 2182 236 2213 camus
264 2170 459 2212 suaviter.

156 2253 317 2309 Corpus
351 2266 474 2296 suum
507 2252 701 2309 apposuit
731 2259 828 2293 ante
856 2262 1024 2306 gregem
1058 2260 1182 2303 quem
1217 2246 1420 2301 sanguine
1446 2257 1522 2287 suo

95 2335 271 2379 redemit
305 2351 315 2378 z
346 2336 515 2386 audite,
550 2349 575 2377 0
616 2334 795 2384 inlirmi,
833 2342 874 2376 et
908 2331 1046 2375 edocti
1085 2329 1213 2371 nolite
1243 2326 1519 2371 recalcitrare.

95 2468 232 2506 codice,
258 2473 291 2500 et
320 2469 431 2510 potius
457 2467 640 2509 legendum
666 2466 769 2498 fuisse
794 2451 917 2517 ᾖξ’-ἕρ
942 2462 1081 2507 fideles,
1108 2460 1250 2497 dociles,
1277 2468 1294 2491 a
1321 2459 1433 2491 radice
1458 2466 1523 2513 ΨΩ

91 2534 179 2579 juyo
213 2536 393 2579 αῑὶίῃαυὶί,
420 2535 572 2577 subjecit.
599 2536 653 2568 Sic
679 2535 768 2567 enim
796 2532 992 2566 concinnior
1017 2530 1163 2561 habetur
1197 2528 1362 2561 sententia
1395 2531 1426 2558 et
1454 2533 1520 2556 ser-

95 2617 192 2645 vatur
218 2614 347 2653 imago,
376 2612 513 2644 vocibus
538 2604 696 2653 lix-*³⁸30
723 2617 752 2642 et
782 2600 964 2660 σμ’-ξοδ
988 2614 1157 2647 expressa.
