1931 3239
365 226 408 260 98
989 231 1116 257 CAPUT
1143 231 1167 256 1¹

363 326 503 375 dium,
528 338 547 367 a
570 324 711 368 Persis
731 323 918 373 illatum,
944 323 1114 366 demum
1139 321 1315 378 contigit
1338 334 1448 364 anno
1468 324 1578 371 505,
1604 329 1648 364 ut
1671 323 1794 366 docet

363 410 441 439 nos
467 397 596 439 Josue
631 395 797 452 stylita,
829 401 976 437 auctor
1015 406 1206 444 coaevus3
1236 392 1351 448 atqui
1389 400 1618 435 memorata
1649 393 1793 436 Jacobi

365 468 567 511 doctrinae
614 467 848 523 exploratio
887 467 992 509 sacta
1021 466 1098 508 fuit
1139 477 1250 507 anno
1298 465 1432 507 aetatis
1473 477 1560 507 suae
1594 464 1794 520 vigesimo

363 539 550 582 secundo
567 570 577 588 ,
602 538 672 593 qui
697 538 866 593 quidem
892 538 1090 580 convenit
1113 551 1208 580 cum
1233 550 1344 580 anno
1367 539 1482 586 474,
1505 550 1768 592 nequaquam
1784 570 1795 587 ‚

365 619 410 654 ut
447 611 547 653 illud
588 610 726 653 obiter
761 619 931 659 notem,
962 622 1057 652 cnm
1085 622 1195 651 anno
1231 611 1348 659 472,
1376 621 1501 664 quem
1537 610 1796 650 Assemanus

366 682 680 724 inadvertenter
726 681 866 736 posuit
911 680 990 736 (1);
1032 693 1156 736 porro
1214 679 1337 735 hujus
1387 687 1636 734 sequentem
1696 692 1796 721 con-

362 752 568 807 Jecturam
600 752 857 807 probandam
891 751 1120 806 putaverim
1159 766 1167 792 z
1208 766 1226 789 α
1256 750 1570 805 praedictionem
1606 749 1716 791 illam
1743 749 1795 791 de

370 841 389 864 c<
429 824 592 867 Amidae
625 824 967 880 expugnatione,
996 836 1120 879 quam
1159 823 1365 878 Georgius
1402 822 1506 864 actis
1546 821 1689 864 Jacobi
1733 821 1797 863 in-

371 912 390 935 «
429 895 559 946 serit,
592 894 844 938 crediderim
878 907 929 937 ex
962 894 1060 936 falsa
1091 893 1295 936 relatione
1326 892 1436 948 vulgi
1470 893 1689 940 haustam,
1723 897 1795 933 aut

372 983 390 1006 <1
434 967 612 1009 fortasse
655 980 676 1008 a
717 965 849 1009 sciolo
896 966 1094 1021 quopiam
1142 964 1338 1021 panegyri
1382 962 1628 1019 Georgianae
1666 962 1795 1004 inter-

372 1055 391 1079 «
433 1046 588 1081 textam
614 1038 742 1081 fuisse
759 1037 822 1093 (02).
846 1054 864 1077 »
883 1038 944 1080 Re
967 1037 1079 1080 enim
1100 1050 1209 1085 vera,
1235 1036 1337 1078 nulli
1363 1035 1431 1077 alii
1458 1034 1793 1090 interpretationi

365 1109 485 1152 locus
529 1117 620 1159 est3
664 1122 800 1163 neque
840 1108 921 1151 dici
973 1115 1110 1163 potest
1154 1108 1363 1150 civitatem
1397 1106 1561 1149 Amidae
1600 1118 1644 1148 ea
1691 1113 1796 1148 tem-

367 1187 529 1236 pestate
549 1213 559 1230 ,
583 1193 675 1236 quae
700 1194 720 1222 a
751 1179 932 1235 Georgio
954 1180 1164 1222 indicatur
1180 1212 1189 1229 ,
1212 1178 1386 1222 forsitan
1421 1177 1583 1220 cladem
1610 1177 1792 1232 aliquam

365 1268 387 1297 a
425 1253 564 1296 Persis
598 1254 724 1296 fuisse
764 1266 1034 1309 perpessam3
1064 1265 1188 1295 nemo
1221 1252 1332 1295 enim
1361 1251 1527 1293 illorum
1548 1283 1557 1300 ,
1586 1250 1656 1305 qui
1694 1250 1794 1292 isto-

367 1339 458 1368 rum
490 1333 728 1381 temporum
763 1325 982 1367 historiam
1007 1325 1198 1380 reliquit,
1228 1324 1291 1366 vel
1329 1323 1459 1365 ullum
1490 1322 1663 1364 verbum
1687 1322 1791 1364 dixit

366 1399 416 1441 de
435 1398 620 1440 dissidiis
645 1406 715 1440 aut
742 1398 863 1442 bellis
884 1430 894 1447 ‚
925 1411 1018 1453 quae
1051 1405 1151 1439 tunc
1178 1397 1290 1438 inter
1318 1397 1594 1450 imperatores
1627 1401 1668 1436 et
1694 1394 1792 1436 Per-

363 1483 505 1511 sarum
555 1482 673 1525 reges
709 1469 940 1525 viguissent
972 1468 1033 1524 (5).
1071 1467 1247 1511 Accedit
1293 1474 1334 1509 et
1378 1466 1509 1516 illud,
1554 1478 1705 1521 nempe
1747 1466 1790 1507 in

364 1541 580 1583 codicibus
611 1554 738 1582 manu
774 1540 966 1595 scriptis,
1003 1539 1072 1582 ubi
1120 1538 1327 1594 reperitur
1370 1550 1538 1580 carmen
1581 1540 1627 1579 de
1665 1551 1793 1580 curru

365 1613 609 1659 Ezechielis,
641 1610 788 1653 nullibi
820 1611 1033 1666 planctum
1065 1609 1235 1666 adjungi
1265 1612 1311 1651 de
1336 1611 1493 1652 eoecidio
1527 1609 1699 1651 Amtctae.

424 1682 566 1738 Pergit
592 1681 822 1737 Georgius,
852 1681 1009 1723 docens
1037 1681 1240 1723 Jacobum
1260 1713 1269 1730 ,
1305 1687 1401 1722 ante
1428 1692 1551 1734 quam
1590 1679 1794 1721 Dominus

363 1754 413 1797 ad
437 1754 574 1810 ipsum
605 1753 827 1809 episcopos
859 1753 1066 1801 misisset,
1091 1753 1190 1794 nihil
1219 1752 1354 1794 adhuc
1381 1751 1541 1807 scripto
1575 1750 1795 1792 mandasse

363 1826 418 1868 ob
447 1838 655 1867 summam
687 1825 815 1866 animi
843 1825 906 1867 sui
942 1825 1270 1871 demissionem,
1298 1823 1451 1866 deinde
1487 1835 1584 1865 vero
1624 1822 1791 1864 illorum

366 1896 562 1939 mandato
592 1909 751 1938 moram
788 1903 1004 1952 gerentem
1040 1895 1355 1937 lucubrationes
1383 1908 1479 1937 suas
1513 1894 1681 1948 vulgare
1710 1904 1794 1935 coe-

364 1968 476 2023 pisse
501 1967 561 2023 (4)-

410 2115 453 2155 (1)
481 2115 512 2146 Β.
541 2115 578 2146 Ο.
608 2115 629 2145 l.
658 2114 735 2146 289.

410 2169 454 2210 (9.)
482 2169 567 2201 lbid.

406 2226 449 2267 (3)
477 2226 656 2258 Historiam
695 2225 796 2265 hujus
830 2224 998 2263 civitatis,
1029 2233 1104 2265 quae
1131 2224 1232 2256 hodie
1271 2229 1409 2256 vocatur
1436 2222 1605 2256 Diarbelcr
1642 2223 1791 2255 breviter

361 2283 563 2316 delineatam
591 2283 712 2315 videsis
738 2283 771 2313 in
799 2290 902 2322 opere
933 2291 940 2313 t
974 2280 1182 2322 Expe‘dition
1210 2278 1423 2324 scientifique
1453 2290 1493 2311 cn
1530 2279 1794 2321 illesopotamie,

358 2339 510 2371 eoee'cute'e
533 2350 601 2382 par
623 2338 724 2370 ordre
748 2338 795 2370 du
820 2341 1081 2381 qouvernoment
1101 2363 1107 2371 ,
1128 2337 1169 2369 de
1188 2339 1269 2370 1851
1291 2337 1313 2370 ἀ
1333 2338 1417 2369 1854
1433 2362 1441 2375 ,
1463 2335 1600 2378 publiee
1620 2345 1679 2378 par
1704 2336 1796 2368 Jutes

360 2399 500 2438 Oppert.
528 2398 639 2435 Paris,
670 2397 880 2438 imprimerie
905 2395 1107 2437 imperiale,
1138 2396 1234 2428 1863.
1266 2396 1333 2428 Cfr.
1360 2396 1469 2428 Ritter
1486 2419 1493 2433 ,
1511 2393 1714 2433 Erdlcmde,
1742 2395 1795 2433 lX,

361 2454 450 2492 714,
477 2454 567 2492 96.t;
595 2454 656 2490 Xl,
686 2453 723 2485 ⁶21
754 2462 849 2494 seqq.

407 2510 451 2549 (4)
477 2510 548 2541 Non
586 2509 682 2541 video
717 2517 784 2550 quo
817 2509 894 2549 jure
930 2508 1132 2540 Assemanus
1168 2508 1224 2546 (Β.
1251 2507 1288 2539 Ο.
1317 2507 1350 2544 Ι,
1378 2506 1465 2543 289,
1494 2506 1527 2537 in
1553 2507 1654 2546 nota)
1689 2506 1794 2538 Geor-

358 2566 452 2607 gium
478 2574 519 2597 ex
547 2565 607 2597 bac
636 2570 730 2606 parte
757 2566 888 2606 lapsum
912 2573 984 2596 esse
1009 2563 1240 2600 contenderit,
1262 2568 1296 2595 et
1312 2563 1354 2594 ad
1372 2563 1405 2594 id
1430 2561 1679 2594 conficiendum
1695 2562 1795 2594 Josue

358 2623 506 2664 stylitam
544 2622 746 2659 adduxerit,
784 2621 898 2654 inutili
935 2621 1062 2653 labore.
1101 2619 1259 2659 Quamvis
1296 2619 1387 2651 enim
1429 2619 1593 2651 erraverit
1630 2618 1794 2659 Georgius

360 2680 579 2713 admiscendo
606 2680 835 2712 narrationem
860 2678 900 2710 de
926 2676 1054 2710 Amida
1083 2676 1230 2709 sermoni
1258 2684 1360 2717 quem
1389 2676 1534 2709 lacobus
1561 2684 1674 2708 coram
1704 2676 1795 2716 epis-
