1931 3239
593 205 759 231 CARMEN
786 206 812 231 11
839 206 887 231 DE
915 206 947 232 13.
979 206 1012 231 v.
1041 207 1082 231 M.
1496 202 1560 233 22⁴2»

121 292 485 350 inscriptionibus,
519 296 764 352 mundoque
796 297 982 339 ostendit
1016 304 1113 339 ante
1145 298 1340 340 heredem
1386 298 1559 343 domus,

120 375 189 418 ubi
214 376 249 418 is
271 376 311 418 in
335 375 446 420 illam
470 376 669 427 intraret,
693 379 943 434 virginitatis
965 387 1104 435 portas
1139 380 1312 423 minime
1344 382 1430 424 sore
1455 394 1550 437 ape-

120 457 300 500 fiendas,

180 605 253 649 Ille
281 606 409 663 igitur
436 606 507 661 qui
535 607 719 649 admittit
748 615 788 649 et
814 616 1003 651 naturam
1032 617 1073 652 et
1099 610 1366 666 scripturam,
1390 611 1551 656 discere

120 689 264 732 debuit
299 688 439 731 Mariae
468 689 748 745 virginitatem
783 703 867 732 non
901 691 1029 734 fuisse
1058 692 1267 735 violatam.

181 770 339 814 Sileant
366 784 478 813 nunc
501 771 863 828 investigationes,
887 773 1080 815 scandala
1099 782 1140 815 et
1157 786 1375 817 sermones
1400 776 1555 832 impuri

117 853 168 897 de
201 854 423 910 obsignato
459 855 536 897 hoc
573 855 711 897 Mariae
743 855 862 903 sinu,
898 856 1006 899 clara
1040 857 1130 899 luce
1163 857 1363 914 fulgente.

180 980 344 1023 Veritas
374 980 424 1023 iis
454 981 653 1024 omnibus
683 994 730 1023 os
760 983 970 1025 obturavit
998 984 1067 1037 qui
1096 983 1306 1038 superflua
1339 985 1553 1027 finxerunt

118 1065 169 1108 de
199 1071 319 1108 utero
348 1065 428 1107 isto
457 1072 650 1121 gestante
673 1066 938 1108 sanctitatem
962 1078 1055 1122 quae
1079 1067 1270 1122 purilicat
1293 1067 1551 1111 immundos.

181 1188 326 1232 Erexit
341 1201 385 1231 se
405 1188 596 1231 doctrina
616 1189 666 1232 ad
685 1189 858 1246 gradum
882 1190 1121 1239 sublimem,
1144 1191 1355 1234 liberrime
1375 1191 1552 1245 loquens

119 1277 159 1312 et
196 1270 274 1313 sub
320 1270 527 1314 calcaneis
565 1270 653 1313 suis
684 1271 822 1325 posuit
858 1271 1141 1314 scrutationes
1158 1271 1237 1327 ipsi
1272 1271 1550 1315 oblatrantes.

182 1393 409 1438 Descendit
447 1394 602 1451 quippe
637 1395 846 1445 Verbum,
884 1395 964 1438 diei
1006 1395 1138 1444 filius,
1170 1407 1297 1451 super
1327 1396 1548 1448 tenebras,

121 1477 194 1520 filii
227 1490 326 1521 vero
353 1478 489 1520 noctis
523 1477 564 1520 in
599 1478 824 1534 splendore
858 1478 963 1522 lucis
991 1479 1232 1535 congregati
1262 1486 1360 1521 sunt
1393 1480 1550 1534 (abun-

118 1559 302 1616 darunt)
326 1566 367 1602 et
394 1561 501 1603 illico
531 1559 733 1616 dispersi3
760 1560 956 1617 fugerunt
995 1560 1271 1603 dubitationis
1306 1561 1490 1604 tenebrae
1527 1575 1549 1605 a

120 1641 202 1685 filia
234 1641 426 1693 Davidis,
461 1650 503 1686 et
531 1642 791 1698 resplenduit
818 1642 954 1686 anima
983 1642 1155 1699 virginis
1184 1643 1368 1686 illibatae.

178 1787 306 1845 Virgo
343 1788 455 1831 enim
487 1796 600 1838 erat,
631 1801 725 1831 cum
761 1787 948 1844 Angelus
982 1787 1039 1830 illi
1075 1788 1324 1843 loquebatur
1355 1795 1397 1831 et
1432 1788 1546 1844 virgo

117 1870 286 1926 quando
312 1870 504 1926 concepit
530 1870 819 1927 Unigenitum.

180 1987 308 2044 Virgo
340 1999 464 2042 pura,
504 1986 674 2042 quando
704 1985 917 2028 habitabat
953 1985 992 2027 in
1029 1997 1075 2027 ea
1112 1984 1266 2027 Oriens
1305 1998 1355 2027 ex
1396 1985 1546 2035 Patre,

120 2077 161 2114 et
189 2069 303 2126 virgo
332 2081 428 2113 cum
455 2075 662 2112 cresceret
696 2067 738 2110 in
769 2075 888 2111 utero
922 2079 998 2110 suo
1025 2067 1179 2110 infans.

178 2183 306 2240 Virgo
346 2182 525 2239 portavit
564 2182 676 2225 hunc
711 2183 882 2225 heroem
921 2180 992 2237 qui
1030 2188 1167 2236 portat
1215 2187 1449 2229 creaturas,
1504 2186 1546 2222 et

122 2266 238 2324 virgo
269 2265 437 2322 quando
465 2264 612 2322 genuit
647 2264 844 2307 virtutem
880 2262 1030 2306 Patris.

182 2451 264 2494 Lac
293 2449 495 2507 virginale
519 2451 633 2493 suxit
658 2461 709 2492 ex
739 2461 785 2491 ea
813 2448 943 2491 Filius
971 2446 1068 2497 Dei,
1098 2453 1139 2490 et
1169 2443 1425 2502 virginaliter
1459 2457 1544 2487 am-

118 2647 190 2675 tuin
216 2642 405 2675 censuerim
432 2651 506 2675 cum
535 2642 671 2675 notione
697 2638 898 2673 abundandi
913 2664 921 2676 ‚
945 2636 1149 2681 prodeundi.
