1931 3239
307 152 373 186 310
842 160 1044 185 APPENDIX
1071 139 1206 185 Pmon.

307 250 415 304 apud
455 249 708 304 reliquarum
755 251 944 305 gentium
990 257 1134 305 poetas
1171 249 1490 292 admirationem
1530 257 1667 292 movet
1702 256 1744 292 et

307 320 558 363 estheticum
593 333 779 363 sensum.
815 321 891 362 Est
928 321 1096 375 quidem
1132 320 1359 376 aliquando
1396 321 1672 376 languescens
1702 327 1743 364 et

302 392 418 447 justo
446 391 648 446 prolixior
676 404 822 433 eorum
849 391 1011 439 oratio,
1032 399 1118 433 tum
1150 392 1276 434 etiam
1305 391 1527 434 verborum
1559 391 1743 442 lusibus,

308 471 353 504 ut
390 462 532 512 aiunt,
566 470 606 504 et
647 462 888 517 tautologiis
929 462 1106 504 nimium
1137 463 1383 518 indulgent,
1416 461 1526 517 iique
1555 461 1743 504 desectus

307 533 417 589 apud
465 533 646 575 seriores
692 533 900 589 praecipue
951 533 1179 588 scriptores
1229 533 1529 588 reperiuntur3
1576 532 1649 574 sed
1702 538 1744 574 et

308 604 587 659 pulcherrirna
616 604 724 660 apud
757 611 902 660 poetas
937 617 1054 660 syros
1092 605 1282 646 invenias
1316 617 1398 646 non
1433 616 1584 658 panca,
1612 615 1744 657 eaque

307 675 356 717 ad
409 675 695 717 nobilissimos
747 675 875 716 animi
926 683 1065 716 motus
1115 675 1288 717 ciendos
1339 674 1555 729 aptissima
1597 689 1607 714 ε
1652 686 1744 728 quae

308 746 447 789 omnia
477 746 681 801 exemplis
713 747 890 801 probare
920 758 1056 801 neque
1085 746 1208 802 hujus
1228 746 1308 788 loci
1333 753 1425 795 est,
1448 757 1584 800 neque
1610 746 1743 787 nostri

309 819 385 860 fert
421 817 601 859 instituti
639 817 758 859 ratio.

370 889 592 938 Ceterum,
625 890 737 944 quod
771 898 813 931 nt
846 902 1038 931 moneam
1070 889 1135 931 vix
1165 902 1271 945 opus
1301 897 1364 931 est
1388 922 1397 938 ‚
1427 888 1497 930 ubi
1530 901 1668 931 sermo
1699 890 1745 929 lit

310 961 361 1003 de
406 961 608 1004 litterario
654 961 855 1018 Syrorum
906 973 1083 1017 poeseos
1126 961 1304 1011 merito,
1334 960 1508 1016 poeticis
1555 959 1742 1016 ipsorum

310 1032 690 1087 compositionibus
747 1044 829 1073 non
882 1031 1204 1073 adnumerarem
1259 1031 1572 1073 lucubrationes
1625 1030 1741 1079 illas,

311 1102 462 1157 quibus
494 1102 574 1158 syri
599 1110 816 1151 auctores,
841 1102 1071 1157 praesertim
1100 1102 1379 1157 posteriores,
1406 1102 1529 1158 ligata
1553 1101 1744 1144 oratione

311 1174 613 1216 Grammaticos
632 1206 642 1223 ‚
674 1174 877 1216 Chronica
897 1207 907 1222 ,
944 1174 1028 1216 imo
1060 1175 1186 1216 etiam
1221 1175 1439 1216 Librorum
1470 1176 1674 1226 catalogos
1703 1180 1744 1215 et

311 1245 388 1287 alia
415 1245 656 1301 hujusmodi
686 1245 963 1287 confecerunt
993 1244 1054 1299 (l).

360 1397 401 1435 (i)
428 1395 462 1426 ld
490 1394 643 1426 fecerunt
667 1394 830 1435 Georgius
865 1394 1011 1426 Arabum
1049 1394 1250 1434 episcopus,
1289 1392 1470 1434 Gregorius
1505 1392 1743 1431 Barbebraem,

313 1452 480 1491 Ebedjesu
507 1451 687 1489 Sobensis,
713 1451 781 1483 alii.
