1931 3239
316 207 381 243 32³2
956 217 1115 244 THnsEs.

327 320 519 364 revelatae
549 320 683 375 capita
710 319 944 371 cohaerent;
977 319 1129 375 quibus
1158 321 1326 363 tandem
1363 320 1569 376 praesidiis
1600 332 1748 363 omncs

324 391 420 435 fidei
458 390 623 434 articuli
662 390 704 433 in
751 398 912 433 certum
944 391 1135 434 ordinem
1168 398 1398 447 aptumque
1427 398 1607 448 systema
1641 391 1750 434 redi-

315 470 487 520 guntur.

1009 530 1061 571 X.

382 643 574 688 Christus
600 643 808 687 Dominus
827 643 869 685 in
895 655 1082 699 perenne
1105 642 1372 686 revelationis
1397 649 1586 686 tutamen
1610 642 1752 686 Eccle-

319 715 424 758 siam
449 715 634 758 instituit
668 715 902 766 visibilem,
935 731 954 755 α
978 717 1212 758 columnam
1246 722 1282 758 et
1311 718 1619 769 firmamentum
1647 718 1753 758 veri-

322 803 342 827 a
383 789 495 828 tatis.
525 801 545 825 ›>
593 785 779 828 Ecclesia
819 790 977 828 autem'
1003 793 1067 828 est
1107 798 1201 828 vera
1241 787 1512 841 perfectaque
1557 786 1751 837 societas,

318 857 441 913 plane
473 857 628 908 libera,
658 857 823 912 pollens
851 856 940 899 suis
967 855 1147 912 propriis
1183 863 1225 899 et
1261 856 1555 899 constantibus
1584 855 1750 912 juribus

318 929 397 972 sihi
428 942 450 972 a
489 929 631 972 divino
671 929 895 971 fundatore
934 941 1011 971 suo
1047 928 1236 979 collatis,
1270 941 1408 984 neque
1442 927 1575 971 civilis
1614 936 1752 984 potes-

318 999 416 1043 tatis
448 1007 510 1043 est
547 1000 724 1051 definire
753 1013 847 1056 quae
880 999 965 1043 sint
1001 999 1200 1043 Ecclesiae
1230 998 1348 1055 jura,
1379 1011 1426 1042 ac
1456 998 1612 1042 limites
1642 999 1753 1042 intra

320 1086 426 1129 quos
452 1073 597 1117 eadem
627 1072 719 1129 jura
751 1085 949 1116 exercere
975 1079 1102 1128 queat
1132 1071 1194 1129 (1).

1002 1227 1073 1267 XI.

384 1348 524 1400 Quum
545 1348 698 1391 veritas
720 1347 915 1390 salutaris
947 1355 988 1391 et
1014 1360 1181 1391 morum
1201 1348 1425 1404 disciplina
1455 1348 1755 1392 contineantur

323 1421 364 1463 in
386 1420 504 1463 libris
526 1420 696 1476 scriptis
719 1427 759 1463 et
783 1420 875 1462 sine
898 1419 1057 1476 scripto
1081 1420 1379 1463 traditionibus
1397 1452 1407 1471 ‚
1430 1433 1523 1476 quae
1544 1422 1594 1464 ah
1622 1420 1755 1477 ipsius

325 1491 479 1536 Christi
521 1505 594 1535 ore
626 1492 677 1535 ab
710 1492 913 1548 apostolis
946 1499 1150 1548 acceptae,
1194 1500 1266 1534 aut
1304 1492 1356 1535 ab
1396 1492 1498 1548 ipsis
1530 1492 1756 1548 apostolis,

323 1563 483 1619 Spiritu
517 1570 663 1606 sancto
704 1563 916 1613 dictante,
950 1563 1068 1618 quasi
1096 1576 1169 1619 per
1197 1576 1347 1606 manus
1380 1563 1566 1614 traditae,
1595 1563 1646 1606 ad
1678 1576 1757 1607 nos

323 1647 458 1690 usque
486 1642 794 1691 pervenerunt3
824 1635 1158 1677 orthodoxorum
1190 1642 1355 1691 patrum
1387 1634 1578 1690 exempla
1607 1634 1756 1686 secuti,

324 1719 474 1749 omnes
519 1705 649 1749 libros
684 1713 768 1748 tam
798 1706 965 1749 Veteris
1009 1719 1134 1761 quam
1166 1706 1270 1749 Novi
1303 1705 1586 1756 Testamenti,
1625 1719 1756 1761 quum

323 1777 544 1833 utriusque
578 1790 687 1820 unus
714 1778 828 1821 Deus
862 1777 916 1820 sit
943 1785 1114 1828 auctor,
1142 1790 1308 1820 necnon
1339 1777 1588 1820 traditiones
1620 1776 1756 1832 ipsaS,

324 1855 413 1891 tum
453 1848 504 1890 ad
541 1848 687 1898 fidem,
730 1856 821 1890 tum
859 1848 908 1891 ad
951 1861 1092 1891 mores
1134 1848 1417 1904 pertinentes,
1459 1856 1657 1903 tanquam
1691 1847 1756 1891 vel

323 1932 398 1963 ore
450 1927 572 1961 tenus
611 1932 633 1961 a
670 1918 860 1970 Christo,
903 1919 965 1962 vel
1012 1932 1034 1962 a
1082 1919 1241 1974 Spiritu
1283 1925 1430 1961 sancto
1474 1918 1676 1970 dictatas,
1715 1926 1759 1962 et

323 1991 524 2036 continua
566 1991 837 2034 successione
875 1991 918 2033 in
972 1991 1160 2034 Ecclesia
1214 1990 1426 2035 Catholica
1460 1998 1753 2042 conservatas,

323 2063 413 2119 pari
456 2062 624 2118 pietatis
659 2061 810 2106 affectu
843 2075 891 2105 ac
927 2063 1161 2105 reverentia
1201 2062 1456 2119 suscipimus
1497 2070 1540 2106 et
1584 2075 1756 2107 venera-

323 2149 418 2179 mur
443 2134 505 2192 (2).

998 2256 1090 2297 XII.

389 2367 452 2410 Ex
483 2366 572 2423 ipsa
595 2366 832 2410 oeconomia
855 2365 1001 2422 primae
1023 2366 1374 2423 promulgationis
1402 2366 1604 2410 doctrinae
1626 2366 1758 2411 chris-

327 2438 452 2482 tianae
496 2446 538 2483 et
579 2451 631 2482 ex
676 2438 846 2482 disertis
889 2438 1028 2481 verbis
1068 2438 1222 2482 Christi
1271 2438 1508 2496 colligitur,
1550 2452 1755 2496 organum

369 2595 413 2637 (i)
439 2595 489 2627 Cf.
514 2593 674 2637 Syllabus
699 2595 719 2627 8
744 2594 817 2628 dec.
842 2595 950 2633 1864,
978 2603 1075 2636 prop.
1099 2594 1181 2627 XlX.

368 2652 413 2695 (α)
439 2651 488 2685 Cf.
516 2650 644 2685 Concil.
674 2651 770 2684 Trici.
796 2661 877 2685 sess.
904 2653 956 2691 lv,
982 2652 1111 2685 decret.
1136 2652 1180 2685 de
1204 2660 1277 2684 can.
1303 2651 1419 2693 script.
