1931 3239
344 184 437 211 VITA
463 185 494 212 s.
522 185 658 213 ,nicom
682 187 735 214 Ex
759 188 844 214 con.
873 190 1012 217 MUSAEI
1043 192 1289 220 BRITANNICI,
1478 189 1542 223 :313

102 272 324 329 precibus,
357 286 406 317 ex
437 275 512 317 Dei
545 275 760 320 voluntate
795 281 1002 335 cognovit.
1040 282 1209 337 Peperit
1241 296 1365 339 porro
1403 285 1533 328 tilium

102 343 292 386 miraculi
316 345 513 397 fructum,
533 358 675 401 quem,
693 361 787 390 cum
812 357 923 392 esset
948 351 1074 394 trium
1093 366 1317 405 annorum,
1340 363 1535 410 parentes

102 414 192 471 ejus
228 428 371 459 secum
402 418 670 461 adduxerunt
703 427 747 462 ut
785 420 871 464 illic
900 431 1069 466 orarent
1097 424 1136 466 in
1170 425 1237 468 die
1266 426 1371 470 festo
1400 429 1532 471 sancti

102 486 270 529 Makimi
300 489 434 544 pueri.
461 490 668 532 Adstabat
694 498 833 533 autem
862 494 982 536 turba
1011 508 1234 538 numerosa
1256 529 1265 545 ,
1298 497 1534 553 replebant-

102 571 184 614 que
211 558 384 601 domum
413 559 489 601 Dei
516 560 659 615 populi
688 561 759 616 qui
794 562 842 604 ad
880 565 1082 619 templum
1109 565 1357 609 affluxerant
1379 601 1388 618 ,
1415 569 1533 611 altari

103 629 290 685 undique
315 629 607 673 sacerdotibus
630 631 812 687 stipat03
836 646 1017 690 cumque
1035 636 1233 679 advolans
1258 638 1535 683 descenderet

101 700 284 757 Spiritus
324 708 494 744 sanctus
536 715 689 758 corpus
715 703 942 748 Salvatoris
982 708 1115 750 nostri
1153 717 1194 751 et
1230 710 1426 761 Domini,
1461 712 1536 754 Dei

101 772 235 814 nostri
268 785 316 815 ac
344 773 643 829 Redeniptoris
665 775 764 817 Jesu
788 776 942 819 Christi
970 779 1332 831 sanctificaturus,
1356 782 1537 837 prosiliit

101 843 406 900 descenditque
429 845 568 887 infans
592 845 662 888 ille
695 859 717 888 e
749 847 841 890 sinu
870 848 1088 904 genitricis
1117 863 1227 900 suae,
1253 852 1538 908 scindensque

103 917 266 960 turbam
294 917 336 960 in
364 918 490 961 domo
518 919 594 961 Dei
617 919 853 968 adstantem
870 953 879 971 ,
903 921 954 964 ad
978 921 1107 964 altare
1128 931 1321 966 sanctum
1348 925 1538 968 ascendit

100 995 143 1031 et
171 989 288 1031 stetit
322 1002 463 1032 coram
491 1003 635 1033 mensa
662 991 770 1033 vitae.
791 992 899 1034 Eum
923 992 1198 1036 intuebantur
1222 1007 1370 1038 omnes
1396 996 1436 1037 in
1463 999 1538 1038 hac

101 1067 331 1116 martyrum
367 1061 493 1104 domo
530 1070 785 1116 praesentes,
811 1063 1077 1119 prosiliitque
1104 1079 1122 1107 e
1150 1068 1244 1107 coelo
1273 1066 1538 1109 descendens

100 1130 275 1187 angelus
313 1131 483 1173 Domini
525 1139 566 1174 et
604 1145 735 1188 puero
772 1133 930 1176 donum
972 1135 1046 1177 Dei
1084 1136 1284 1191 porrexit.
1325 1138 1363 1178 Is
1394 1145 1533 1180 autem

101 1215 251 1245 manus
273 1203 464 1246 extendit
494 1203 713 1259 tribusque
740 1205 906 1260 pugillis
930 1206 1062 1255 bibit,
1087 1207 1195 1249 sicut
1220 1208 1409 1251 Ezechiel
1435 1209 1534 1251 dum

101 1273 299 1316 volumen
323 1273 556 1316 devoraret.
581 1275 720 1329 Atque
748 1289 797 1316 ex
823 1275 888 1317 illa
918 1277 1017 1319 hora
1056 1277 1259 1333 requievit
1287 1291 1414 1334 super
1440 1293 1535 1322 eum

101 1344 284 1400 Spiritus
312 1345 510 1394 Domini,
540 1346 752 1401 coepitque
784 1360 1002 1390 sermones
1032 1348 1197 1391 edicere
1223 1349 1430 1392 insolitos.

161 1416 357 1459 Adolevit
402 1425 541 1459 autem
597 1417 638 1458 in
687 1417 841 1460 Hauris
892 1419 1069 1475 Sarugi,
1125 1420 1193 1462 ubi
1250 1421 1537 1475 periodeutein

101 1487 186 1544 egit
222 1488 464 1544 multosque
514 1501 736 1531 sermones
778 1491 1031 1545 composuit.
1079 1491 1186 1533 Hinc
1222 1505 1318 1534 eum
1359 1492 1541 1548 Spiritus

100 1559 287 1603 evocavit
342 1567 385 1602 ut
432 1560 569 1615 ipsum
625 1560 812 1602 ecclesiae
864 1561 1089 1604 Batnarum
1141 1562 1289 1618 Sarngi
1329 1570 1538 1619 pastorem

100 1631 346 1687 praeficeret.

163 1703 342 1759 Scripsit
378 1709 582 1746 tractatus
617 1711 658 1746 et
696 1705 1026 1755 commentaria,
1060 1706 1256 1748 historias
1297 1719 1466 1762 quoque
1501 1715 1541 1749 et

103 1774 279 1817 cantica.
328 1775 461 1817 Porro
510 1774 701 1817 doctrina
741 1774 829 1830 ejus
878 1776 1076 1831 praeclara
1121 1784 1209 1818 erat
1263 1785 1304 1819 et
1352 1777 1540 1829 sincera3

104 1846 312 1888 Dominus
337 1852 476 1888 autem
503 1845 545 1887 in
578 1846 671 1901 ipso
700 1846 991 1902 requiescebat
1021 1854 1062 1889 et
1088 1847 1240 1903 gaudio
1269 1848 1540 1891 afficiebatur.

162 1917 414 1973 Reperimus
446 1930 542 1961 vero
577 1917 813 1960 doctrinam
846 1918 936 1973 ejus
968 1918 1078 1961 mole
1114 1931 1206 1961 esse
1239 1920 1542 1976 quinquaginta

104 1990 321 2046 prophetis
343 1993 539 2043 oequalem
558 2008 570 2031 .·
597 2002 816 2033 sermones
838 1990 998 2033 scilicet
1017 1990 1310 2046 septingentos
1328 1992 1543 2048 sexaginta

105 2069 216 2111 tres,
261 2075 443 2117 quorum
501 2069 762 2117 postremum
817 2061 869 2104 de
913 2061 1039 2104 Maria
1091 2069 1132 2104 et
1175 2062 1380 2118 Golgotha
1434 2064 1544 2106 haud

98 2133 290 2176 absolvit.

165 2205 280 2248 Vixit
314 2218 404 2247 mar
438 2205 621 2248 Jacobus
659 2212 847 2260 tempore
881 2217 972 2247 mar
1002 2204 1144 2248 Severi
1179 2205 1452 2260 patriarchae,
1492 2206 1543 2249 ad

103 2289 227 2334 quem
263 2277 453 2319 ascendit
483 2284 523 2319 et
557 2290 578 2319 a
614 2290 698 2333 quo
734 2276 1076 2320 benedictionem
1113 2276 1327 2333 percepit3
1355 2278 1545 2320 ascendit

102 2355 242 2392 autem
269 2361 365 2391 cum
395 2355 596 2404 apparatu
627 2348 856 2391 multorum
888 2347 1075 2391 Orientis
1102 2348 1415 2403 episcoporum.

174 2420 367 2474 Denique
394 2432 533 2462 mores
562 2419 697 2462 sancti
718 2419 861 2462 Jacobi
887 2419 997 2475 quod
1027 2418 1198 2469 attinet,
1228 2420 1401 2461 elucebat
1426 2420 1548 2462 casti-

108 2491 249 2534 monia
299 2503 373 2532 sua
410 2497 452 2532 et
486 2490 735 2540 sanctitate,
771 2490 984 2532 alacritate
1021 2496 1062 2531 et
1094 2489 1374 2538 abstinentia,
1411 2489 1548 2546 vigilia

107 2569 150 2605 et
200 2562 369 2611 labore,
404 2561 617 2604 indefesso
659 2561 882 2604 ministerii
927 2563 1035 2608 zelo,
1078 2560 1177 2603 fletu
1216 2567 1258 2603 et
1293 2560 1548 2616 gemitibus,

107 2634 337 2684 charitate,
389 2634 544 2676 virtute
584 2640 626 2675 et
664 2632 939 2675 orationibus.
985 2631 1160 2674 Brevius
1199 2631 1320 2673 nobis
1363 2630 1547 2687 suppetit

1257 2704 1296 2732 40
