1931 3239
639 199 774 226 JAC0131
800 200 941 227 SARUG.
970 202 1075 228 VITA.
1529 200 1571 234 95

203 287 388 329 Tandem
431 287 530 329 nihil
564 288 704 331 obstat
736 291 963 343 quominus
994 292 1035 334 in
1070 294 1266 348 praesenti
1304 307 1399 337 casu
1446 297 1567 351 plane

143 357 388 400 naturaliter
405 358 548 400 Jacobi
570 359 723 401 factum
754 360 1011 414 explicemus
1028 395 1037 410 ‚
1061 364 1171 417 quod
1198 365 1289 407 talis
1306 374 1369 408 est
1387 367 1539 410 indolis
1557 401 1566 418 ,

142 435 188 470 ut
218 429 392 471 omnino
419 429 604 483 potuerit
634 442 656 471 a
691 429 815 471 trium
846 444 1053 474 annorum
1091 435 1265 488 puerulo
1295 438 1479 491 praestari
1503 438 1568 494 (i);

140 499 251 554 quod
275 507 414 543 autem
436 500 535 541 illud
562 501 744 555 Spiritus
764 502 896 543 sancti
924 502 1140 546 instinctui
1167 506 1350 548 tribuaut
1376 516 1569 552 auctores

142 571 275 613 nostri
305 579 345 614 et
372 572 552 614 habeant
583 572 773 614 miraculi
798 573 956 622 instar,
987 574 1026 615 id
1047 588 1097 616 ex
1122 576 1225 618 mira
1249 577 1498 632 eloquentiae
1528 589 1570 624 et

139 643 374 686 sanctitatis
405 644 612 699 praestigia
631 676 640 691 ,
672 657 752 698 qua
783 652 1002 699 tantopere
1031 646 1230 702 deinceps
1257 649 1437 691 Jacohus
1461 651 1571 694 inter

142 714 363 769 populares
399 727 497 757 suos
536 714 757 764 inclaruit,
790 715 888 756 oriri
927 724 1069 757 natum
1107 726 1223 767 erat,
1255 720 1436 763 maxime
1460 722 1570 776 apud

141 785 335 829 homines
363 787 433 841 qui
462 794 562 829 sunt
579 819 588 836 ,
613 794 658 828 ut
684 786 803 842 Syri,
830 787 870 828 in
897 800 961 828 res
982 788 1193 831 mirabiles
1217 791 1334 834 valde
1354 793 1571 847 proclives.

205 859 301 903 Sive
335 871 433 901 vero
467 858 714 900 miraculum
744 857 1041 907 admittamus,
1072 860 1158 902 sive
1186 861 1285 904 illud
1308 862 1544 906 inficiemur
1563 898 1573 915 ‚

138 939 222 974 stat
258 931 477 986 utriusque
509 930 727 985 scriptoris
748 963 757 979 ,
792 930 958 985 Georgii
991 937 1032 972 et
1066 933 1309 988 Anonymi,
1344 936 1568 987 veracitas3

140 1015 276 1058 neque
307 1015 358 1044 ex
389 1014 536 1044 eorum
573 1001 811 1043 narratione
846 1001 1064 1056 sequitur,
1095 1003 1206 1057 quod
1242 1004 1365 1046 tidem
1398 1018 1568 1049 omnem

139 1081 358 1130 superaret
379 1106 389 1123 ,
412 1073 615 1116 Jacobum
638 1086 659 1115 a
683 1073 864 1115 triennio
889 1079 1092 1115 tractatus
1118 1082 1189 1116 aut
1217 1088 1435 1120 sermones
1456 1092 1569 1121 com-

138 1146 344 1202 posuisse.
379 1145 544 1187 Dicitur
579 1144 749 1200 quidem
775 1157 871 1186 eum
902 1158 954 1186 ρας
977 1148 1048 1186 hoc
1072 1153 1273 1199 tempore,
1304 1151 1450 1191 exinde
1472 1150 1570 1193 doc·

141 1217 259 1259 trinae
292 1229 379 1259 suae
413 1215 661 1272 praestitisse
700 1215 984 1266 documenta3
1020 1216 1094 1258 sed
1138 1217 1216 1259 hoc
1256 1217 1312 1261 ita
1349 1222 1570 1263 commode

139 1288 390 1337 resolvitur,
442 1295 488 1329 ut
529 1299 552 1328 e
593 1286 776 1341 Spiritus
823 1286 955 1328 sancti
1000 1287 1302 1343 inspiratione,
1348 1292 1476 1333 veluti
1519 1305 1570 1334 ex

139 1362 277 1411 fonte,
310 1373 400 1403 eam
430 1359 688 1415 intelligatur
714 1358 905 1401 hausisse
937 1359 1213 1414 sapientiam,
1241 1374 1334 1415 quae
1368 1363 1568 1419 deinceps

138 1432 180 1474 in
214 1431 305 1488 ejus
342 1430 705 1474 lucubrationibus
734 1430 915 1471 maxime
955 1430 1249 1485 splendescere
1279 1433 1363 1475 visa
1398 1442 1461 1477 est
1489 1434 1568 1490 (2):

138 1517 223 1547 non
257 1517 378 1546 secus
410 1516 457 1546 ac
488 1503 549 1544 vir
577 1503 746 1558 quidam
781 1508 951 1544 sauctus
981 1502 1080 1544 inde
1102 1516 1122 1544 a
1158 1503 1422 1558 baptismatis
1455 1507 1570 1549 fonte

137 1575 264 1617 vitam
308 1574 701 1617 innocentissimam
744 1573 916 1615 duxisse
966 1580 1065 1615 tunc
1113 1575 1263 1617 merito
1313 1576 1492 1627 dicitur,
1535 1578 1568 1620 si

137 1646 311 1703 gratiam
350 1647 392 1688 in
432 1645 684 1701 baptismate
715 1652 952 1699 susceptam
972 1677 981 1694 ‚
1011 1658 1032 1687 a
1063 1659 1146 1700 quo
1184 1654 1374 1702 tempore
1403 1649 1570 1692 virtutis

138 1725 180 1760 et
224 1717 363 1761 meriti
408 1716 565 1772 proprii
608 1729 737 1772 capax
776 1716 965 1765 exstitit,
1005 1730 1218 1772 nunquam
1258 1720 1573 1774 praetermiserit

138 1788 331 1832 excolere
359 1795 402 1831 et
429 1787 630 1830 enutrire.

401 1913 416 1952 ἓ
440 1914 472 1946 5.
500 1919 545 1945 DE
570 1918 828 1946 INSTITUTlONE
860 1919 889 1945 S.
916 1919 1035 1945 JACOBI
1056 1919 1287 1947 SARUGENSIS.

201 2014 333 2056 Porro
367 2013 418 2055 de
447 2012 591 2055 Jacobi
619 2011 840 2068 juventute
871 2025 1016 2067 parum
1058 2013 1120 2054 vel
1155 2013 1257 2055 nihil
1288 2014 1327 2055 in
1368 2022 1565 2070 promptu

137 2085 329 2128 habetur.
384 2085 491 2127 Eum
540 2098 562 2127 a
615 2084 771 2127 teneris
826 2083 1038 2140 unguibus
1087 2085 1272 2140 vestigiis
1330 2086 1567 2142 ingressum

138 2168 312 2198 suorum
370 2155 611 2212 genitorum
669 2154 895 2197 virtutibus
957 2155 1317 2210 praestantissimis
1376 2156 1570 2200 floruisse

138 2226 386 2270 conficimus
435 2239 488 2269 ex
535 2226 702 2282 Georgii
748 2226 972 2276 encomi0;
1021 2226 1094 2269 sed
1135 2239 1272 2282 neque
1323 2227 1386 2276 is,
1433 2240 1570 2283 neque

139 2299 389 2355 Anonymus
425 2298 612 2341 referunt
640 2311 723 2354 quo
754 2306 1014 2354 praeceptore
1047 2311 1146 2340 usus
1174 2297 1457 2340 eruditionem
1490 2298 1570 2342 sibi

185 2428 227 2465 (t)
253 2426 362 2466 Atque
387 2425 421 2457 id
449 2434 489 2458 eo
515 2426 626 2457 minus
650 2424 909 2456 admirationem
934 2424 1103 2459 movebit,
1131 2424 1158 2455 si
1177 2424 1217 2455 ad
1244 2432 1340 2455 usum
1369 2433 1411 2455 ss.
1438 2424 1570 2456 Eucha-

137 2483 265 2515 ristiam
303 2484 417 2524 pueris
451 2483 665 2515 ministrandi
699 2483 848 2514 animum
883 2481 1108 2513 advertamus.
1143 2480 1192 2512 Cf.
1234 2482 1445 2522 Denzinger,
1471 2480 1570 2513 Ritus

138 2538 381 2576 Orientalium,
409 2540 439 2578 Ι,
467 2549 497 2580 p.
524 2540 652 2579 3940,
671 2539 726 2571 66.
755 2538 990 2578 Wirceburgi,
1014 2537 1111 2569 ¹865.

184 2603 227 2643 (ε)
254 2602 337 2633 Hinc
373 2602 455 2633 mihi
495 2602 654 2633 videntur
689 2601 866 2642 particulae
904 2594 994 2638 1:30¹·
1028 2601 1099 2650 <x
1126 2598 1249 2630 ewinde
1274 2604 1307 2631 et
1345 2609 1475 2652 <5⁴⁶¹
1502 2602 1572 2650 τ’»

139 2668 179 2690 em
204 2662 306 2695 tunc,
333 2657 519 2690 causaliter
549 2659 659 2699 potius
685 2667 785 2699 quam
813 2657 1047 2700 temporaliter
1077 2656 1290 2696 accipiendae.
