1931 3239
65 326 82 348 Ε

65 397 82 416 (ί

64 467 82 490 Ε

64 537 82 560 Ε

65 608 83 631 Ε

65 677 83 700 Ε

66 746 85 769 Ε

66 818 85 841 Ε

66 890 84 913 Ε

66 961 85 983 Ε

67 1032 85 1054 ((

65 1105 85 1128 Ε

66 1176 85 1200 Ε

67 1248 86 1271 Ε

68 1320 87 1343 Ε

68 1391 86 1414 Ε

69 1464 87 1487 Ε

70 1536 87 1558 Ε

70 1607 89 1629 Ε

70 1678 88 1700 Ε

70 1750 89 1772 Ε

69 1820 87 1843 Ε

70 1888 88 1912 Ε

71 1958 90 1982 Ε

73 2029 92 2052 Ε

73 2100 91 2123 Ε

74 2172 92 2195 Ε

308 211 442 238 JACOBI
470 211 612 238 SARUG.
641 212 843 239 DOCTRINA
868 213 917 239 DE
942 213 1255 240 INCARNATIONE.
1440 207 1495 239 167

122 303 327 351 naturam.
368 307 489 350 Unde
532 309 686 350 lactum
730 315 827 357 est,
875 315 919 349 ut
967 308 1136 363 quidam
1180 307 1337 350 librarii
1393 307 1493 350 illud

122 379 367 422 vocabulum
403 379 683 433 permutarint
714 379 755 420 in
786 378 893 420 istud
932 385 1038 436 25⁶·-
1070 380 1350 432 conjunxisti,
1381 386 1426 420 ut
1455 379 1497 420 iu

122 448 348 504 exemplari
387 448 452 490 Jo.
488 447 639 490 Abaiui
676 447 887 503 episcopi,
922 447 1034 502 quod
1071 454 1208 488 exstat
1248 447 1289 488 in
1329 461 1496 490 monas-

127 519 232 562 terio
277 518 608 562 Rus-Nahrensi
670 519 711 559 in
762 519 918 574 oppido
976 518 1119 567 Eilen,
1173 518 1332 573 scripto
1383 532 1496 561 anuo

123 592 361 634 Graecorum
391 591 532 638 1859,
556 589 710 632 Christi
744 592 876 632 1548.
907 589 990 632 Alii
1024 601 1121 630 vero
1153 588 1194 630 iu
1217 589 1324 631 hanc
1353 603 1497 633 vocem

123 662 270 721 ‚gr-..Al
304 663 424 702 imita
459 668 541 707 est,
578 668 621 702 ut
659 660 701 701 in
744 661 889 703 codice
922 660 987 703 ΔΟ.
1025 659 1227 702 Nemroni
1264 661 1499 717 presbyteri

123 731 280 786 scripto
325 731 472 773 eodem
516 744 655 780 auno,
703 730 773 786 qui
817 730 858 772 in
900 731 1158 773 monasterio
1211 730 1498 774 Canubiuensi

124 815 253 858 penes
280 816 358 845 nos
384 811 586 846 servatur.
612 803 767 845 Verum
798 802 978 845 dicimus
1003 803 1082 845 hoc
1108 802 1356 845 vocabulum
1381 804 1498 845 omni

124 887 296 929 prorsus
325 874 567 930 suspicione
598 886 769 925 carere3
800 873 955 916 dicitur
984 874 1096 916 enim
1127 874 1177 916 de
1212 874 1397 929 qualibet
1428 887 1498 924 re,

126 957 219 1000 quae
244 958 339 987 cum
368 946 445 987 alia
475 945 767 1001 conjungitur,
801 945 862 987 vel
895 944 1203 994 communicat,
1238 945 1300 987 vel
1328 945 1499 994 unitur,

119 1015 238 1071 juxta
269 1017 369 1059 illud
401 1017 519 1059 lsaiae
548 1030 639 1072 cap.
662 1017 715 1058 ΙΙΙ
740 1016 783 1071 (ι)
807 1031 816 1058 :
845 1032 864 1055 c<
887 1029 946 1058 voe
972 1019 1042 1069 qui
1068 1018 1313 1070 coujuiiqitis
1334 1018 1501 1058 domum

122 1091 176 1131 ad
208 1092 374 1132 domum
413 1097 450 1132 et
484 1103 631 1143 aqrum
670 1103 770 1142 aqro
808 1091 1061 1140 adiiiisceti33
1102 1096 1142 1131 et
1183 1089 1414 1144 Apostolus
1448 1090 1500 1131 ad

125 1161 351 1212 Hebraeos,
390 1174 479 1217 cap.
523 1164 603 1211 13,
630 1163 657 1203 2
694 1160 739 1217 (2)
774 1161 920 1203 scribit
963 1176 972 1202 :
1015 1163 1218 1203 commisti
1264 1163 1370 1202 enim
1410 1175 1501 1204 cum

127 1234 291 1275 Christo
319 1247 489 1282 sumus,
522 1235 557 1275 si
586 1240 722 1276 tamen
749 1247 774 1275 a
803 1235 1009 1286 principio
1041 1247 1169 1286 usque
1196 1234 1250 1274 ad
1279 1235 1398 1286 finem
1431 1236 1502 1275 hoc

124 1318 265 1347 verum
296 1312 581 1348 testamentum
609 1308 777 1359 firmum
815 1307 1123 1348 retineamus.»
1157 1306 1261 1348 Item
1294 1305 1503 1361 Sarugen-

125 1375 182 1418 sis
219 1376 335 1419 hom.
368 1379 427 1419 66
464 1376 516 1418 de
557 1376 656 1419 feria
704 1377 736 1417 V
777 1376 1074 1433 mysteriorum
1113 1391 1122 1418 :
1159 1379 1390 1419 humilitate
1426 1391 1504 1420 suci

126 1448 371 1491 Emmanuel
399 1450 545 1490 similis
573 1450 708 1501 factus
740 1457 796 1492 est
826 1451 938 1491 uobis
959 1481 968 1498 ,
998 1463 1126 1502 quum
1158 1452 1241 1502 ipse
1278 1450 1398 1492 Patri
1428 1463 1502 1492 suo

127 1522 170 1560 in
199 1533 351 1573 maqiia
382 1523 512 1573 qloria
544 1523 690 1563 similis
720 1524 771 1563 sit
802 1537 810 1563 :
840 1524 1064 1575 assumpsit
1099 1524 1277 1574 fiquram
1316 1530 1504 1565 nostram

128 1597 163 1632 et
190 1594 353 1634 miscuit
376 1605 416 1634 se
438 1594 544 1634 inter
568 1605 641 1634 iios
678 1592 851 1648 (se-ka),
887 1595 1110 1646 similisque
1133 1595 1247 1635 uobis
1265 1595 1400 1646 sactus
1424 1602 1502 1643 est,-

127 1664 326 1704 descendit
365 1670 411 1704 ut
452 1676 526 1704 iios
575 1665 619 1703 in
666 1664 875 1704 sublimem
920 1665 1122 1715 ¹reqionem
1169 1664 1224 1704 ad
1275 1662 1504 1705 Genico'rem

79 1749 82 1751 ’
127 1746 250 1775 suum
282 1736 461 1786 eriqerec.
498 1732 633 1775 Simili
682 1733 807 1774 modo
849 1732 1029 1775 dicimus
1066 1733 1109 1774 in
1142 1733 1297 1788 hymno
1338 1733 1390 1776 de
1428 1734 1504 1776 La-

126 1817 221 1846 zaro
261 1819 271 1846 :
316 1806 432 1858 filius
469 1807 670 1847 Altissimi
715 1807 892 1857 seipsum
931 1817 1024 1846 cum
1063 1807 1213 1858 infimis
1251 1807 1505 1847 commiscuit

125 1874 192 1919 lem
232 1875 359 1920 42⁴—
399 1882 445 1918 ut
486 1878 642 1918 eosdem
682 1879 726 1918 in
768 1877 931 1918 sublimi
969 1878 1129 1928 reqione
1164 1890 1241 1918 sua
1285 1890 1416 1918 secum
1462 1879 1506 1918 iii

128 1946 258 1997 qloria
302 1946 588 1986 commisceret.
633 1943 702 1987 Sic
747 1944 917 1986 demum
960 1943 1174 1999 loquimur
1212 1943 1264 1986 de
1308 1944 1506 1986 commis-

130 2014 245 2057 tione
293 2014 643 2069 pharmacorum,
685 2015 736 2057 de
778 2014 997 2057 harmonia
1044 2021 1274 2063 cantuum,
1312 2015 1363 2057 de
1406 2027 1506 2058 con-

125 2083 346 2139 junctione
394 2086 640 2141 angelorum
695 2099 790 2128 cum
844 2085 1087 2128 hominibus
1139 2094 1181 2128 et
1232 2086 1282 2128 (le
1335 2085 1505 2140 reliquis

132 2156 388 2211 hujusmodi.
417 2173 436 2196 »

130 2227 358 2283 Hucusque
385 2228 636 2271 Edeuensis.
676 2230 808 2271 Porro
840 2228 892 2271 (le
928 2227 1116 2283 legitimo
1154 2226 1276 2282 hujus
1320 2235 1362 2269 et
1392 2227 1507 2269 simi-

70 2297 172 2341 lium
222 2299 501 2342 terminorum
550 2313 628 2342 usu
686 2300 818 2343 fusius
880 2300 1050 2342 disserit
1106 2299 1330 2355 Dionysius
1387 2299 1506 2340 Peta-

72 2369 187 2419 vius,
229 2372 275 2412 de
324 2371 612 2413 lncariialione
655 2370 725 2413 lib.
771 2371 857 2420 ΙΙΙ,
903 2384 993 2426 cap.
1037 2372 1092 2418 Ξ,
1141 2369 1239 2418 uhi,
1287 2369 1507 2412 recensitis

73 2441 285 2484 vocabulis
326 2442 479 2497 quibus
522 2442 657 2485 unitio
699 2450 943 2485 naturarum
989 2441 1027 2483 in
1080 2441 1247 2484 Christo
1301 2440 1505 2483 catholice

122 2612 163 2651 (i)
189 2611 328 2653 Vulgata
354 2620 427 2653 cap.
456 2613 489 2651 V,
517 2622 546 2644 v.
575 2614 605 2644 8.

123 2668 165 2710 (Ξ)
191 2669 286 2707 vulg.
315 2669 377 2708 ΙΙΙ,
408 2670 460 2701 14.
