1931 3239
520 611 1070 692 INTRODUGTIO.

127 825 344 864 SYRORUM
373 825 595 861 HISTORIA
624 826 906 861 LITTERARIA
935 826 994 861 AD
1023 826 1242 861 TEMPORA
1271 826 1306 861 S.
1334 825 1491 862 τΙΑΕΟΒΙ

398 916 688 953 SARUGENSIS
720 917 962 954 SUMMATIM
992 916 1217 953 DEDUCTA.

160 1318 427 1374 Propositum
461 1325 549 1365 est,
583 1318 694 1373 quod
726 1318 766 1360 in
803 1318 1045 1373 praefatione
1067 1317 1152 1373 jam
1184 1317 1441 1374 significavi,
1473 1318 1524 1359 de

99 1389 231 1432 sancti
246 1390 389 1433 Jacobi
406 1390 655 1445 Sarugensis
670 1390 751 1432 vita
763 1397 805 1432 et
822 1389 988 1445 scriptis
1006 1389 1226 1432 disserere.
1244 1391 1300 1432 At
1316 1402 1414 1432 vero
1429 1389 1527 1432 huic

96 1461 292 1504 instituto
312 1460 421 1503 haud
444 1460 705 1516 superfluum
730 1461 912 1503 arbitror
933 1461 1021 1504 sore
1037 1494 1046 1510 ,
1072 1461 1133 1503 vel
1161 1461 1306 1504 lectori
1331 1460 1524 1516 injucun-

96 1534 219 1582 dum,
253 1533 287 1575 si
318 1532 370 1575 de
401 1532 647 1575 litteraturae
681 1532 851 1589 syriacae
889 1532 985 1575 fatis
1019 1545 1186 1575 necnon
1225 1532 1277 1575 de
1313 1532 1527 1575 veteribus

96 1603 220 1659 hujus
254 1603 404 1659 linguae
433 1603 700 1645 documentis
729 1617 892 1645 summa
926 1604 1117 1658 quaedam
1149 1603 1446 1659 praelibavero,
1483 1610 1528 1646 ut

96 1673 334 1718 traditionis
364 1674 473 1716 serie
503 1674 638 1729 aliqua
682 1680 807 1716 tenus
841 1674 990 1716 saltem
1031 1681 1277 1730 perspecta,
1313 1687 1397 1729 quo
1434 1674 1528 1717 loco

97 1755 242 1790 auctor
284 1753 430 1789 noster
473 1744 649 1800 ejusque
696 1745 851 1801 scripta
894 1745 980 1788 sint
1032 1746 1224 1788 habenda
1273 1745 1530 1789 luculentius

97 1825 307 1875 appareat.

158 1891 219 1934 De
251 1889 421 1946 syriacae
450 1896 591 1932 autem
617 1887 771 1944 linguae
796 1889 1049 1945 antiquitate
1072 1898 1114 1933 et
1133 1889 1375 1946 praestantia
1398 1889 1531 1932 fusius

100 1961 291 2004 tractavit
323 1960 528 2016 Georgius
558 1958 703 2002 Amira
730 1961 937 2003 maronita
955 1994 964 2010 ‚
1000 1961 1040 2003 in
1075 1960 1287 2017 praeludiis
1315 1960 1366 2003 ad
1394 1973 1532 2014 qram-

98 2035 292 2075 maticam
322 2034 534 2085 syriacam
576 2034 658 2073 sive
686 2033 942 2074 chaldaicam
974 2032 1049 2087 (1),
1084 2032 1153 2074 ubi
1190 2032 1302 2073 illam
1338 2032 1533 2074 hebraica

99 2103 381 2159 antiquiorem
414 2110 456 2145 et
485 2101 640 2145 Christi
661 2102 832 2144 Domini
856 2116 928 2145 ore
958 2110 1248 2145 consecratam
1275 2102 1496 2145 contendit
1520 2118 1530 2144 :

101 2176 219 2231 qu'us
239 2175 409 2231 quidem
428 2174 543 2231 prior
561 2175 648 2217 haec
666 2175 846 2217 asserti0
869 2175 1101 2217 etiamnum
1121 2175 1359 2229 linguarum
1386 2174 1531 2230 peritis

101 2248 328 2305 injudicata
347 2255 513 2298 manet,
535 2248 744 2304 posterior
761 2260 861 2291 vero
884 2261 931 2291 ea
952 2258 1073 2291 tenus
1095 2256 1258 2291 tantum
1282 2255 1368 2290 rata
1394 2255 1532 2303 potest

102 2320 270 2369 haberi,
296 2333 376 2375 qua
403 2327 525 2362 tenus
551 2319 689 2361 latiori
712 2332 839 2362 sensu
871 2319 1011 2376 lingua
1038 2319 1195 2376 syriaca
1228 2319 1360 2362 varias
1382 2319 1535 2362 dialec-

104 2400 170 2435 tos
202 2399 273 2435 aut
311 2392 436 2435 etiam
466 2391 814 2447 idiomata‘plura
842 2392 1066 2448 complecti
1098 2391 1372 2448 intelligatur.

88 2541 92 2548 ¹
154 2540 335 2578 (1)Romae
381 2541 414 2571 in
453 2541 674 2582 typographia
712 2541 903 2582 linguarum
953 2547 1193 2578 externarum,
1243 2538 1332 2582 apud
1379 2542 1539 2574 Jacobum

107 2597 245 2629 Lunam.
275 2597 372 2629 1596.

1324 2670 1337 2696 1
