1931 3239
330 187 389 223 182
956 197 1084 223 CAPUT
1110 197 1149 222 11.

326 304 475 334 cere.»
529 291 592 334 Ad
644 299 835 333 naturam
895 290 1076 332 divinam
1134 289 1344 345 pertinere
1400 289 1528 337 dicit,
1591 295 1636 330 ut
1697 287 1751 330 sit

325 365 562 412 invisibilis,
600 366 762 412 vivens,
799 365 1019 409 immensa,
1054 363 1233 414 yloriosa
1271 363 1510 408 miraculis,
1559 362 1603 400 in
1647 360 1754 401 coetis

325 438 462 478 sedens
511 442 618 485 etc.;
667 433 715 476 ad
767 441 952 475 nostram
996 445 1114 481 vero,
1158 433 1208 474 ab
1250 432 1342 487 ipso
1384 439 1671 486 assumptam,
1708 436 1753 471 ut

326 507 514 547 mortalis
549 505 627 555 sit,
654 506 956 556 corrumpenda
988 505 1073 557 ejus
1104 516 1201 544 caro
1236 506 1279 544 in
1305 505 1540 555 sepulchro,
1574 508 1618 542 ut
1658 513 1756 542 nas-

325 584 469 626 catur,
507 584 685 624 crescat,
724 584 960 630 caeteraque
994 574 1032 616 id
1067 575 1233 630 generis
1274 574 1468 629 patiatur.
1512 573 1616 624 Quae
1653 584 1754 614 sane

325 649 466 692 omnia
508 662 592 691 non
629 647 899 690 accidentalia
937 646 1017 689 dici
1056 646 1243 701 possint,
1285 658 1338 687 ne
1383 653 1482 686 tunc
1513 644 1683 698 quidem
1719 643 1753 685 si

327 721 378 764 (le
405 721 491 763 sola
516 722 698 762 humana
724 728 871 762 natura
900 718 1075 774 quaestio
1104 718 1224 768 soret3
1255 731 1348 760 uam
1378 718 1465 760 haec
1490 719 1754 764 naturaliter,

327 805 411 834 non
453 791 579 833 modo
623 790 940 833 accidentaliter
983 789 1107 831 morti
1151 788 1332 831 obnoxia
1373 796 1459 836 est,
1500 795 1570 830 aut
1604 787 1753 830 saitem

329 864 515 906 nascitur
548 870 587 904 et
631 862 890 904 incrementa
936 861 1100 916 accipit.
1139 861 1283 915 Neque
1323 859 1417 902 ideo
1454 867 1626 908 auctor,
1662 867 1756 901 utut

329 935 540 978 naturales
589 943 832 977 naturarum
889 933 1167 989 proprietates
1226 932 1491 987 intelligens,
1535 930 1757 973 confundit

331 1015 552 1062 utramque
598 1005 753 1049 Christi
810 1013 1029 1055 naturam,
1067 1013 1138 1046 aut
1176 1003 1404 1059 quidquam
1449 1003 1606 1058 profert
1642 1002 1754 1057 quod

329 1078 673 1135 monophysiticae
715 1077 862 1119 haeresi
911 1077 972 1119 vel
1020 1076 1242 1118 minimum
1284 1076 1429 1117 faveat.
1478 1075 1580 1117 Nam
1623 1074 1661 1115 in
1706 1086 1757 1116 eo

329 1159 443 1193 totus
471 1160 533 1193 est
565 1159 609 1192 ut
638 1163 762 1205 quam
789 1150 1044 1192 recentiores
1074 1151 1480 1191 communicationem
1511 1149 1757 1188 idiomatum

329 1230 505 1272 vorant,
539 1222 590 1264 de
619 1221 786 1264 Christo
815 1221 1121 1276 praedicandam
1158 1233 1250 1262 esse
1278 1227 1437 1261 asserat
1471 1223 1515 1260 in
1546 1226 1756 1267 concreto;

330 1308 413 1349 quo
454 1307 581 1336 sensu
626 1294 677 1335 de
720 1300 867 1335 natura
910 1292 1047 1334 divina
1094 1299 1216 1347 prout
1259 1291 1301 1333 in
1344 1291 1483 1333 Verbo
1537 1291 1757 1338 subsistit,

330 1368 524 1409 humanae
576 1372 735 1407 naturae
788 1364 953 1419 propria
1014 1371 1112 1405 sunt
1168 1363 1436 1412 affirmanda,
1481 1371 1606 1417 atque
1661 1363 1758 1405 huic

332 1447 540 1494 quatenus
573 1438 701 1479 verbo
730 1435 990 1492 hypostatice
1023 1435 1167 1476 unitur
1193 1448 1239 1477 ea
1271 1434 1452 1476 vicissim
1484 1434 1760 1484 conveniunt,

331 1522 424 1566 quae
462 1507 646 1563 alioquin
683 1509 892 1549 abstracte
926 1506 1191 1549 considerata
1226 1505 1357 1547 solius
1392 1505 1622 1547 divinitatis
1664 1519 1758 1561 pro-

331 1583 418 1638 pria
458 1589 571 1624 sunt.
601 1580 757 1622 Nuiiibi
800 1592 896 1621 vero
932 1578 1080 1620 asserit
1115 1578 1296 1620 Jacobus
1332 1577 1539 1619 divinitati
1568 1577 1609 1618 in
1640 1590 1685 1620 se
1717 1585 1759 1620 et

332 1653 544 1710 praecisive
577 1659 774 1706 spectatae
807 1650 928 1692 dotes
957 1649 1231 1691 humanitatis
1267 1661 1359 1691 esse
1388 1648 1659 1696 tribuendas,
1696 1650 1758 1692 vei

330 1725 607 1773 humanitati,
652 1722 988 1778 independenter
1037 1721 1089 1762 ab
1129 1720 1275 1761 intima
1312 1720 1401 1776 ejus
1440 1733 1534 1762 cum
1580 1734 1759 1775 persona

331 1797 454 1839 Verbi
488 1795 815 1849 conjunctione,
848 1805 971 1848 posse
1006 1792 1143 1834 divina
1177 1792 1372 1834 adscribi.
1403 1792 1582 1847 Repeilit
1616 1791 1757 1848 itaque

328 1868 736 1910 communicationem
771 1867 1019 1906 idiomatum
1048 1866 1091 1904 in
1127 1865 1358 1911 abstract05
1393 1863 1506 1918 quod
1534 1871 1577 1904 ut
1606 1863 1758 1906 clarius

330 1947 499 1996 pateat,
527 1938 650 1993 paulo
687 1936 857 1979 uberius
890 1945 953 1978 est
980 1936 1270 1978 evolvendum.

393 2012 541 2066 Liquet
581 2022 732 2065 nempe
769 2008 980 2064 expressis
1024 2008 1154 2063 ipsius
1196 2007 1334 2049 verbis
1363 2015 1404 2049 et
1434 2015 1518 2049 tota
1553 2008 1758 2051 orationis

330 2084 466 2133 serie,
506 2095 601 2125 eum
641 2089 786 2123 contra
829 2079 1102 2122 Nestorianos
1141 2079 1180 2120 iu
1221 2078 1352 2121 aciem
1392 2079 1646 2133 procedere,
1687 2079 1758 2133 qui

332 2169 426 2198 cnm
480 2154 680 2196 unionem
727 2152 943 2199 intimam,
1004 2150 1310 2192 substantivam
1367 2157 1408 2192 et
1458 2150 1760 2206 hypostaticam

333 2227 509 2268 duarum
546 2232 786 2266 naturarum
830 2222 1143 2270 inficiarentur,
1176 2220 1389 2264 Christum
1428 2221 1467 2261 in
1500 2221 1603 2262 duas
1634 2221 1761 2263 vetuti

336 2305 473 2354 partes
504 2295 828 2350 discerpebant,
855 2305 1031 2347 quarum
1065 2305 1174 2340 una,
1207 2298 1352 2333 natura
1388 2290 1581 2333 videlicet
1617 2293 1762 2335 huma-

334 2383 416 2417 na,
463 2381 535 2423 per
580 2379 672 2409 sese
715 2365 953 2407 subsistens
1004 2376 1087 2405 non
1129 2363 1208 2405 nisi
1263 2365 1412 2405 morali
1461 2365 1621 2406 vinculo
1664 2377 1759 2406 cum

336 2441 473 2482 Verbo
515 2438 796 2493 conjungatur
843 2451 851 2477 :
897 2447 980 2490 quo
1021 2435 1157 2489 posito
1201 2435 1415 2489 sequitur,
1463 2435 1574 2489 quod
1615 2443 1763 2478 auctor

336 2511 584 2555 adversariis
624 2509 710 2551 suis
751 2508 1003 2562 exprobrat,
1039 2506 1092 2548 ita
1123 2514 1293 2548 naturas
1325 2507 1365 2547 in
1400 2506 1566 2548 Christo
1599 2519 1759 2561 perma-

337 2598 435 2628 nere
473 2584 652 2631 divisas,
688 2589 732 2623 ut
767 2598 785 2619 «
817 2580 945 2622 Filius
985 2579 1059 2621 Dei
1096 2578 1215 2620 nobis
1251 2591 1336 2620 non
1371 2578 1423 2620 sit
1453 2592 1526 2620 sua
1559 2579 1759 2634 largitus,

340 2676 357 2695 «
398 2668 534 2711 neque
565 2655 731 2696 dotores
763 2661 931 2695 nostros
962 2651 1002 2693 in
1039 2664 1111 2694 sua
1145 2663 1322 2705 persona
1356 2651 1596 2706 portaverit.
1617 2666 1635 2690 »
1668 2650 1761 2702 Quo
