1931 3239
327 184 390 218 150
960 196 1087 222 CAPUT
1113 196 1153 221 11.

367 315 381 353 ἕ
407 316 437 347 Ξ.
465 320 688 348 ARGUMENTA
710 321 870 347 INTERNA
895 321 1025 353 QUIBUS
1049 322 1169 349 JACOBI
1197 322 1429 349 ORTl-xonoxtA
1454 321 1714 348 monuwa.—

553 385 635 412 EJUS
672 385 853 412 DOCTRINA
892 386 937 412 DE
971 386 1239 413 INCARNATIONE
1274 386 1383 413 VERBI
1414 386 1525 412 mlet

824 452 980 479 PLENtUs
1016 453 1256 480 ELUCIDATUR.

384 568 608 611 Criterium
651 569 840 624 profecto
876 569 1015 625 aptius
1049 577 1090 612 et
1129 570 1318 612 securius
1352 570 1400 612 ad
1441 568 1755 625 dijudicandum

322 638 541 694 cujusdam
576 640 761 683 auctoris
787 640 1020 683 doctrinam
1057 640 1145 683 dari
1180 654 1262 684 non
1300 649 1463 697 potest,
1495 655 1618 696 quam
1644 642 1757 696 quod

320 710 410 765 ipse
451 711 606 766 praebet
648 713 802 754 mentis
840 725 925 755 suae
967 720 1008 755 et
1045 713 1266 755 sententiae
1300 713 1341 755 in
1380 713 1558 769 propriis
1590 712 1757 768 scriptis

323 781 539 824 indicium.
586 784 676 825 „lam
724 796 823 826 vero
862 784 902 825 in
941 784 1085 827 Jacobi
1131 785 1382 840 Sarugensis
1433 784 1550 826 libris
1594 784 1755 827 nullum

321 866 535 903 errorem,
562 855 632 910 qui
667 856 836 898 baeresis
868 857 1020 898 merito
1049 857 1213 906 audiat,
1238 856 1392 899 offendi
1420 869 1544 912 posse
1568 856 1756 905 testimo,

321 925 401 967 etsi
428 926 532 967 naevi
555 926 652 968 hinc
682 926 780 969 inde
819 927 1009 969 fortassis
1034 936 1284 978 occurrant;
1309 927 1373 969 his
1407 934 1546 970 autem
1567 926 1757 982 apposite

321 995 520 1051 applicari
552 1004 728 1050 possunt
754 1009 846 1052 quae
878 998 1002 1040 habet
1027 998 1263 1041 Massuetus
1291 998 1333 1040 in
1359 1011 1433 1040 sua
1461 997 1757 1040 dissertatione

322 1069 374 1111 de
403 1069 445 1112 S.
478 1070 620 1111 irenaei
653 1069 843 1112 doctrina
880 1070 925 1125 (1)
965 1085 974 1113 ε
1015 1087 1034 1110 α
1062 1071 1202 1114 Solius
1235 1071 1421 1126 supremi
1453 1070 1639 1112 numinis
1666 1077 1755 1119 est,

325 1158 343 1179 «
383 1142 470 1191 ait,
504 1155 580 1184 nec
626 1142 709 1184 falli
752 1156 828 1185 uec
874 1143 1015 1186 fallere
1056 1157 1176 1198 posse
1210 1159 1219 1185 :
1255 1143 1493 1185 mortalium
1537 1142 1755 1190 omnium,

325 1229 343 1251 «
385 1213 462 1254 nisi
510 1213 712 1269 singulari
761 1214 835 1257 Dei
879 1215 1112 1265 beneficio,
1157 1215 1258 1257 solis
1303 1214 1580 1270 scriptoribus
1626 1213 1755 1256 sacris

325 1301 342 1322 «
383 1296 613 1339 concesso,
649 1285 914 1334 eximantur,
948 1298 995 1328 ea
1022 1293 1083 1327 est
1115 1299 1207 1327 sors
1235 1293 1276 1328 et
1306 1284 1519 1334 conditio,
1552 1291 1598 1326 ut
1624 1297 1696 1326 eos
1734 1296 1755 1326 a

325 1372 342 1393 α
382 1368 480 1397 vero
516 1355 660 1398 devios
690 1369 809 1399 error
831 1356 1044 1399 interdum
1074 1357 1270 1413 decipiat.
1295 1357 1464 1399 Nullum
1494 1356 1622 1411 igitur
1648 1368 1756 1410 opus

325 1443 341 1465 <t
383 1426 486 1469 adeo
514 1427 760 1482 castigatum
780 1460 789 1476 ‚
824 1428 1096 1483 numerisque
1128 1428 1326 1470 omnibus
1358 1427 1597 1470 absolutum
1619 1459 1628 1476 ‚
1652 1426 1753 1481 quin

325 1514 342 1535 a
384 1497 510 1539 naevis
543 1498 793 1552 quibusdam
826 1499 1118 1554 inspergastrr,
1144 1500 1335 1555 pluribus
1363 1507 1434 1541 aut
1463 1497 1753 1554 paucioribus,

325 1585 342 1606 «
383 1568 697 1623 maioribusque
738 1569 800 1611 vel
851 1570 1114 1619 minoribus,
1156 1583 1231 1625 pro
1276 1569 1421 1624 majori
1476 1575 1548 1611 aut
1600 1568 1752 1610 minori

325 1656 343 1678 a
383 1640 602 1695 scriptoris
632 1640 847 1696 diligentia
873 1649 914 1683 et
937 1641 1190 1683 eruditione.
1220 1641 1375 1683 Neutra
1396 1640 1565 1696 quidem
1594 1640 1754 1682 Irenaeo

325 1728 342 1750 «ι
383 1711 554 1765 (Jacobo
579 1712 738 1767 dicam)
771 1712 926 1761 defuit;
953 1712 1007 1754 ita
1045 1721 1182 1754 tamen
1213 1712 1291 1754 sibi
1322 1724 1488 1766 semper
1517 1724 1600 1753 non
1632 1710 1754 1759 cavit,

325 1799 341 1820 «
384 1790 429 1825 ut
468 1783 693 1837 aliquando
741 1796 824 1824 non
871 1782 1122 1833 offenderit,
1171 1783 1243 1825 sed
1290 1783 1540 1838 plerumque
1590 1781 1753 1833 levius;

325 1871 343 1892 (ε
382 1853 516 1895 sicubi
546 1866 643 1896 vero
677 1854 800 1909 paulo
830 1854 1019 1909 gravius,
1051 1867 1100 1896 eo
1127 1855 1258 1910 magis
1281 1867 1399 1896 error
1421 1852 1751 1901 condonandus,

325 1943 342 1964 (ι
382 1939 465 1980 quo
493 1925 681 1968 nondum
712 1926 812 1968 satis
843 1926 892 1968 ad
927 1926 1131 1981 liquidum
1168 1926 1395 1981 exploratis
1424 1925 1550 1968 certis
1580 1925 1753 1979 quibus-

324 2014 342 2036 «
384 1996 481 2038 dum
519 1996 721 2038 doctrinae
757 1997 996 2039 christiana}
1028 1997 1236 2052 capitibus
1256 2029 1265 2047 ,
1298 1997 1364 2038 vix
1395 1996 1483 2038 fieri
1511 2002 1676 2052 poterat
1708 2003 1753 2037 ut

324 2086 342 2108 a
380 2069 678 2111 attentioribus
726 2069 850 2111 etiam
914 2069 1065 2111 animis
1122 2069 1296 2111 nebulas
1352 2081 1436 2111 non
1485 2066 1753 2110 affunderent

323 2160 341 2181 (ι
384 2147 685 2197 praeconceptae
715 2142 906 2196 quaedam
935 2155 981 2183 ac
1010 2153 1258 2183 communes
1291 2140 1476 2196 priorum
1502 2139 1750 2182 saeculorum

324 2231 342 2253 «
381 2214 618 2270 opiniones.
648 2230 666 2252 ›>
696 2212 835 2265 Quare
862 2213 986 2256 sicuti
1019 2213 1284 2256 excusandus
1326 2225 1408 2255 non
1451 2219 1514 2254 est
1548 2212 1750 2268 Syrorum

320 2286 468 2328 doctor
492 2285 560 2327 ubi
580 2285 722 2327 minus
748 2293 859 2327 recte
880 2285 1045 2327 locutus
1064 2293 1199 2334 esset,
1220 2284 1279 2325 uti
1298 2284 1464 2326 locutus
1490 2283 1619 2325 fuisse
1638 2281 1751 2326 vide-

321 2365 390 2399 tur
412 2357 451 2398 in
474 2356 660 2399 carmine
680 2356 730 2399 de
751 2356 795 2398 B.
818 2356 870 2398 M.
890 2356 938 2397 V.
957 2363 1101 2411 postea
1121 2354 1373 2411 proferendo
1389 2387 1399 2403 ‚
1419 2353 1473 2396 ita
1496 2366 1573 2396 nec-
1592 2361 1750 2396 temere

321 2429 555 2484 culpandus
577 2462 586 2473 ,
619 2428 689 2470 ubi
727 2428 845 2484 culpa
885 2435 1026 2477 vacat,
1059 2435 1103 2470 ut
1134 2427 1174 2468 in
1210 2439 1257 2469 ea
1290 2439 1414 2482 quam
1449 2426 1582 2468 tenuit
1612 2426 1750 2468 Incar-

323 2500 505 2543 uationis
532 2499 737 2542 doctriua.
763 2499 883 2551 Quod
911 2506 1052 2542 autem
1081 2498 1137 2540 ibi
1164 2506 1319 2540 rectam
1350 2498 1473 2539 tidem
1503 2504 1751 2551 sequeretur

367 2650 408 2689 (t)
435 2647 530 2689 Apud
557 2648 690 2688 Migne,
719 2647 852 2680 Patrol.
878 2657 978 2690 qraec.
1007 2652 1084 2679 tom.
1115 2646 1192 2682 Vll,
1220 2645 1283 2678 col.
1312 2645 1388 2678 245.
