1931 3239
545 162 711 189 CARMEN
736 163 749 188 1
774 163 823 189 DE
848 163 882 189 B.
912 162 946 187 v.
975 162 1018 188 M.
1439 153 1498 187 ’201

118 252 247 294 Maria,
267 250 439 297 angelum
464 250 743 298 interrogando,
770 251 911 287 exstitit
929 250 1105 286 Ecclesiae
1133 260 1311 298 organum
1330 278 1339 292 ‚
1363 261 1503 296 nosque

70 320 218 357 edocuit
235 330 411 356 areanum
432 320 682 366 generationis
701 320 766 355 filii
788 321 849 355 Dei
870 321 1103 365 provocando
1123 321 1244 367 angeli
1265 331 1503 366 responsum:

72 397 171 438 patet
196 390 353 426 stultitia
378 390 488 426 Herae
509 391 666 425 tacentis
685 400 807 425 coram
828 397 998 437 serpente
1014 419 1023 435 ‚
1042 398 1077 426 et
1095 391 1276 437 sapientia
1297 392 1420 427 Mariae
1439 402 1505 427 an-

71 461 194 508 gelum
214 459 475 506 interrogantis
498 459 582 504 (vv.
601 459 765 494 2:25-565
781 459 805 506 ).

121 530 280 576 Spiritus
307 535 457 564 sanctus
476 557 484 571 ‚
513 528 615 574 juxta
645 529 765 575 angeli
791 529 930 564 dictum
948 558 956 572 ‚
979 529 1170 565 deseendit
1196 529 1241 564 ad
1269 530 1419 565 Mariam
1437 558 1446 572 ‚
1467 536 1506 565 ut

74 601 170 635 hane
189 599 234 635 ab
254 599 362 634 Hevae
382 598 640 633 maledictione
657 605 692 633 et
709 598 900 634 doloribus
919 598 1117 642 liberaret,
1138 605 1173 634 et
1192 599 1348 644 pleniori
1370 601 1507 636 sancti-

75 677 148 706 tate
168 675 328 706 ornaret.
348 669 500 714 Accepit
519 679 604 716 ergo
623 669 735 704 Maria
755 669 934 716 Spiritum
955 675 1122 705 sanetum
1137 697 1146 712 ‚
1166 670 1229 715 qui
1249 671 1358 705 etiam
1390 672 1507 716 spira-

73 745 176 776 verat
195 739 231 773 in
250 737 380 774 faciem
401 738 544 779 Adami,
575 744 615 773 ut
644 739 739 784 potis
769 745 864 774 esset
883 739 928 774 ad
949 739 1088 775 Hevam
1108 740 1380 787 generandum,
1399 746 1509 786 atque

74 812 143 846 hoc
170 810 294 846 divino
326 810 512 856 spiraculo
541 811 661 856 potuit
680 811 758 856 ipsa
778 811 914 846 Filium
935 811 999 846 Dei
1019 811 1098 846 sine
1113 810 1284 858 conjugio
1304 820 1446 856 parere.
1466 830 1509 836 -

74 880 189 915 Adam
216 886 253 915 et
280 880 378 915 Heva
408 883 483 927 typi
503 880 608 916 fuere
635 881 770 917 Christi
790 888 826 916 et
844 881 980 916 Mariae.
999 900 1044 906 --
1066 880 1281 925 Explicatur
1299 879 1511 915 distinctius

76 960 147 996 qua
167 951 203 986 in
223 960 263 986 re
282 950 472 996 praecipue
499 951 566 986 sita
587 957 683 986 esset
701 961 793 986 nova
817 951 939 986 Mariae
959 961 1024 995 per
1043 949 1222 995 Spiritum
1249 950 1510 995 supervenien-

76 1030 150 1058 tem
171 1022 429 1064 sanctificatio,
452 1032 584 1067 nempe
604 1022 641 1057 in
661 1022 854 1058 abolendis
874 1023 910 1057 in
933 1023 1009 1068 ipsa
1030 1021 1170 1067 peccati
1199 1020 1325 1056 fomite
1355 1021 1512 1066 aliisque

74 1093 236 1139 sequelis
278 1093 419 1139 peceati
459 1093 650 1140 originalis
668 1105 676 1135 ;
711 1103 783 1138 qua
815 1093 981 1128 ulteriori
1013 1091 1305 1127 sanctificatione
1337 1097 1485 1136 peracta
1500 1119 1509 1133 ‚

76 1164 188 1200 Maria
205 1164 370 1210 suscepit
383 1164 558 1200 virtutem
574 1164 759 1207 altissimi,
776 1164 810 1199 id
829 1171 883 1200 est
901 1165 1021 1209 ipsum
1038 1163 1174 1199 Filium
1196 1163 1259 1199 Dei
1281 1162 1511 1210 unigenitum

75 1234 159 1282 (vv.
179 1234 345 1271 564-458
360 1234 383 1281 ).

128 1305 238 1340 Maria
260 1304 465 1351 comparari
485 1311 603 1350 potest
622 1306 786 1352 epistolae
806 1306 952 1341 cuidam
974 1305 1216 1353 obsigillatae‚
1243 1305 1280 1340 in
1305 1314 1377 1350 qua
1398 1304 1513 1339 Filius

78 1375 142 1411 Dei
169 1374 369 1410 essentiam
398 1384 502 1410 suam
530 1375 703 1421 scripsit,
733 1382 768 1411 et
796 1386 862 1422 per
882 1386 991 1421 quam
1009 1375 1119 1410 Pater
1138 1380 1299 1410 aeternus
1318 1373 1513 1421 omnigena

75 1445 203 1481 nuntia
220 1444 409 1487 felicitatis
430 1444 590 1480 humano
608 1446 734 1492 generi
753 1445 960 1481 transmisit
981 1445 1169 1492 (457-485
1186 1447 1211 1491 ).

127 1515 255 1551 Merito
271 1514 383 1562 igitur
403 1514 545 1549 beatam
566 1514 682 1560 ipsam
701 1543 709 1557 ‚
727 1515 932 1560 praesertim
952 1515 998 1550 oh
1017 1514 1152 1550 divinae
1173 1512 1420 1549 maternitatis
1440 1512 1515 1558 pri-

75 1586 252 1633 vilegium
269 1614 277 1629 ‚
297 1594 425 1620 omnes
443 1585 700 1631 generationes
719 1587 949 1632 proclamant
966 1585 1051 1632 (vv.
1071 1583 1234 1620 486-518
1250 1584 1276 1631 ).

1287 2676 1327 2705 26
