1931 3239
621 188 756 214 JACOBI
782 187 923 214 SARUG.
952 188 1057 213 VITA.
1524 183 1563 212 VJT

129 279 254 322 corde
286 278 422 327 bono,
453 285 492 320 et
527 278 658 321 virtus
693 291 774 335 qua
813 278 838 320 ii
871 279 1146 334 praestabant,
1181 278 1306 322 etiam
1343 279 1421 334 ipsi
1455 280 1558 322 sacta

127 369 189 404 est
222 360 387 417 propria
407 393 416 410 ,
450 360 520 415 qui
551 368 722 403 sanctus
749 363 906 402 exstitit
937 368 977 402 et
1006 360 1175 403 sibimet
1206 368 1244 402 et
1270 363 1364 402 aliis
1387 361 1559 411 multis;

129 444 251 485 tiebat
273 456 450 496 namque
472 442 630 484 electus
654 450 800 485 noster
826 442 1022 484 omnibus
1047 455 1142 484 eum
1172 442 1556 497 contemplantibus

127 527 341 583 exemplar
374 526 610 582 optimum,
653 538 777 581 quem
814 525 964 567 imitati
1013 532 1112 567 sunt
1148 524 1266 566 multi
1303 532 1347 567 ut
1379 525 1557 567 salutem

123 616 500 665 consequerentur,

188 794 232 836 ln
261 793 391 850 gradu
415 800 584 835 austero
620 791 864 835 voluntariae
898 791 1225 841 exinanitionis,
1261 792 1555 841 abstinentiae,

125 874 463 919 mansuetudinis
514 886 607 929 quae
659 886 751 915 sese
807 873 1058 928 percutienti
1119 873 1273 927 praebet
1316 873 1525 915 maxillam
1547 905 1556 922 ,

123 957 429 1014 persecutionis
459 955 789 998 domesticorum
820 955 1035 997 veritatem
1069 955 1326 1004 odientium,
1361 968 1408 997 ac
1441 956 1556 998 necis

124 1039 379 1096 quotidianae
425 1045 597 1094 propter
638 1037 894 1086 Dominum,
943 1037 1003 1079 uti
1052 1037 1255 1092 scriptum
1303 1045 1391 1087 est,
1431 1037 1556 1080 iniis

121 1125 294 1176 inquam
327 1121 549 1171 omnibus,
580 1121 663 1163 imo
698 1127 740 1163 et
771 1120 821 1162 iis
856 1120 989 1162 multo
1022 1118 1251 1174 majoribus
1281 1128 1439 1175 partem
1468 1122 1555 1178 ipse

122 1207 295 1257 habuit,
318 1219 412 1249 cum
445 1205 596 1248 affectu
630 1205 827 1253 interno,
864 1211 952 1246 tum
989 1202 1166 1258 publicis
1213 1203 1416 1245 moribus.

181 1404 390 1446 Praeterea
421 1415 441 1444 a
475 1400 633 1458 Spiritu
655 1399 725 1456 qui
750 1400 887 1456 ipsum
917 1399 1101 1455 elegerat
1128 1398 1168 1441 id
1199 1398 1279 1441 sibi
1303 1411 1550 1442 concessum

119 1485 323 1534 habebat,
343 1491 389 1526 ut
410 1484 516 1525 soret
539 1482 695 1524 cithara
716 1482 940 1538 omnigena
964 1480 1145 1523 melodia
1169 1493 1394 1531 resonans,
1420 1488 1551 1537 utque

119 1567 301 1623 Spiritus
341 1574 511 1608 sanctus
545 1563 808 1606 descendens
850 1563 981 1618 ipsius
1014 1562 1216 1605 oblationi
1249 1563 1550 1615 obumbraret,

118 1659 160 1693 et
190 1647 295 1691 labia
336 1646 426 1702 ejus
457 1646 701 1689 emitterent
741 1645 902 1688 cantica
941 1644 1109 1695 suavia,
1154 1656 1282 1686 sonos
1311 1643 1550 1700 jucundos,

119 1730 365 1786 omnigenas
410 1728 688 1784 psalmodias,
730 1728 884 1782 quibus
920 1726 1096 1769 ecclesia
1132 1726 1346 1782 Uni-geniti
1390 1739 1545 1782 sponsa

118 1811 270 1869 gaudio
305 1810 542 1853 afficeretur
569 1841 576 1850 .

119 1977 306 2022 Gaudeat
350 1983 484 2019 coetus
525 1976 823 2031 prophetarum
863 1974 962 2016 dum
1000 1987 1146 2016 eorum
1180 1973 1382 2015 lectiones
1414 1973 1548 2023 fiunt,

119 2063 160 2104 in
189 2061 257 2104 die
280 2059 697 2103 commemorationis
733 2058 848 2101 senis
872 2058 943 2113 qui
963 2070 1108 2100 eorum
1131 2057 1313 2099 visiones
1334 2056 1545 2111 exposuit.

165 2305 192 2327 v.
220 2295 286 2326 41⁴2
313 2294 441 2325 librarii
466 2298 522 2325 aut
545 2294 685 2325 alterius
708 2294 873 2334 glossema
898 2293 977 2325 inde
1009 2293 1106 2325 facile
1132 2292 1423 2333 deprehenditur,
1454 2281 1543 2334 quod

115 2352 253 2394 syllabae
277 2352 392 2393 plures
416 2354 538 2391 praeter
563 2359 743 2383 numerum
769 2351 923 2383 debitum
945 2350 1132 2383 abundent.

163 2435 192 2457 v.
219 2427 298 2458 413.
326 2426 361 2457 ln
387 2426 461 2457 cod.
487 2429 596 2457 exstat
620 2417 797 2455 *asna

163 2504 191 2527 v.
218 2495 284 2526 414
309 2499 499 2535 sequuntur
524 2502 639 2525 versus
664 2493 803 2525 forsitan
823 2493 842 2525 6
860 2498 918 2524 aut
935 2493 971 2529 8,
991 2499 1134 2532 quorum
1154 2495 1321 2522 texturam
1349 2494 1383 2522 et
1403 2498 1538 2522 sensum

114 2562 154 2586 ex
185 2552 299 2593 paucis
323 2552 526 2593 quibusdam
553 2553 690 2583 vocibus
715 2552 857 2592 reliquis
879 2560 1000 2584 eruere
1026 2558 1091 2581 non
1118 2550 1222 2589 potui.

161 2635 189 2657 v.
218 2627 298 2658 4¹5.
325 2627 404 2667 Legi
439 2629 639 2677 ραι-Δωριᾶ
665 2636 705 2659 ex
731 2636 826 2668 seqq.
852 2626 1009 2658 ductibus
1037 2634 1244 2678 ‚Nonum-cr:
