1931 3239
755 199 915 226 missus,
1488 194 1547 229 321

787 319 875 360 Vll.

179 427 465 472 Revelatiouis
501 429 653 471 divinae
692 431 859 473 criteria
899 432 1049 474 merito
1086 441 1315 475 censentur
1349 434 1550 477 miracula

117 505 160 541 et
194 499 450 555 prophetiae,
486 501 623 555 qualia
655 514 748 544 esse
780 503 996 558 possibilia
1033 511 1105 546 aut
1136 503 1296 546 homini
1333 505 1551 561 cognosci-

117 569 216 613 bilia
245 570 272 613 ii
299 577 461 613 tantum
494 571 670 615 inficiari
692 582 870 629 possunt
891 575 963 630 qui
985 575 1237 631 pantheismi
1261 583 1332 618 aut
1355 576 1548 620 atheismi

116 641 369 699 praejudiciis
400 642 593 687 obstricti
624 650 835 688 tenentur.

785 791 890 833 VIII.

174 900 434 959 Theologiae‚
480 901 568 946 sive
601 902 789 946 scientiae
823 903 875 947 de
918 903 1005 947 Deo
1042 904 1252 959 rebusque
1297 904 1449 947 divinis
1496 917 1549 948 ex

115 973 371 1018 revelatione
420 975 604 1025 haustae,
657 975 826 1031 propria
876 982 941 1018 est
993 976 1218 1019 methodus
1270 976 1547 1019 auctoritatis.

113 1044 218 1087 Nam
264 1061 284 1085 c<
312 1058 408 1088 cum
448 1046 711 1089 sanctissima
759 1053 903 1089 nostra
946 1047 1093 1103 religio
1138 1060 1223 1090 non
1274 1048 1325 1090 ab
1364 1048 1547 1090 humana

116 1133 136 1156 «ι
175 1117 338 1160 ratione
374 1118 498 1161 suerit
530 1118 724 1169 inventa,
756 1118 829 1162 sed
861 1131 883 1161 a
916 1119 1003 1161 Deo
1031 1119 1274 1162 hominibus
1309 1118 1550 1162 clementis-

115 1204 135 1228 «
174 1187 280 1231 sime
315 1189 547 1244 patefacta,
585 1196 676 1232 tum
714 1189 894 1245 quisque
936 1190 1000 1233 vel
1044 1190 1162 1233 facile
1202 1190 1549 1247 intelligit‚1·eli-

115 1274 136 1299 «
173 1258 342 1315 gionem
397 1260 530 1315 ipsam
580 1272 632 1302 ex
676 1259 865 1315 ejusdem
917 1260 992 1303 Dei
1042 1260 1256 1316 loquentis
1298 1261 1548 1304 auctoritate

116 1346 135 1369 ι(
173 1343 344 1373 omnem
372 1344 490 1373 suam
526 1330 608 1372 vim
644 1332 884 1387 acquirere,
918 1345 1055 1387 neque
1086 1332 1138 1375 ab
1169 1332 1352 1376 humana
1385 1332 1548 1376 ratione

116 1417 135 1440 <t
173 1400 324 1444 deduci
357 1408 429 1445 aut
464 1401 607 1458 perfici
641 1416 837 1458 umquam
868 1416 991 1460 posse
1021 1403 1127 1460 (1).»

794 1540 865 1580 IX.

170 1651 393 1699 Attamen,
430 1656 584 1692 statuta
619 1651 697 1693 hac
726 1650 769 1693 S.
801 1650 1031 1706 Augustini
1066 1650 1208 1707 regula
1245 1667 1264 1691 α
1293 1657 1339 1693 ut
1370 1651 1422 1695 de
1457 1664 1547 1695 cre-

113 1736 131 1760 «
171 1720 320 1764 dendis
345 1720 457 1763 nulla
479 1720 727 1764 infidelitate
751 1721 1019 1772 dubitemus,
1044 1721 1096 1765 de
1121 1721 1406 1778 intelligendis
1431 1721 1544 1765 nulla

113 1809 132 1833 «
172 1792 409 1836 temeritate
432 1793 714 1845 affirmemus;
748 1794 791 1836 in
828 1793 911 1836 illis
947 1793 1060 1836 enim
1100 1794 1330 1837 auctoritas
1363 1794 1548 1837 tenenda

114 1883 133 1906 a
173 1873 259 1916 est,
286 1866 329 1907 in
357 1866 422 1908 his
445 1866 598 1908 veritas
628 1865 878 1921 inquirenda
900 1866 946 1923 (2)
974 1883 993 1905 »
1024 1879 1074 1909 ex
1104 1866 1383 1909 humanarum
1413 1866 1548 1909 scien-

110 1936 264 1979 tiarum
309 1944 351 1979 et
393 1936 668 1993 philosophiae
702 1937 911 1993 imprimis
950 1951 1046 1980 cum
1080 1937 1289 1993 theologia
1332 1937 1547 1980 consortio

111 2008 291 2065 plurima
330 2008 576 2064 theologicis
620 2007 854 2063 disciplinis
898 2015 941 2051 et
979 2021 1109 2064 prope
1149 2007 1387 2051 necessaria
1423 2009 1549 2051 obve-

113 2080 236 2123 niunt
272 2079 573 2123 emolumenta.
606 2080 752 2135 Neque
795 2080 908 2123 enim
948 2080 1004 2122 ita
1043 2079 1180 2123 solum
1225 2079 1379 2122 motiva
1414 2079 1548 2122 credi-

111 2152 287 2196 bilitatis
330 2153 620 2204 illustrantur,
664 2153 737 2196 sed
782 2160 824 2196 et
868 2152 965 2196 fidei
1010 2151 1222 2208 obJ'ectum
1271 2151 1547 2208 conceptibus

113 2224 295 2281 propriis
323 2224 387 2268 vel
423 2224 612 2280 analogis
640 2223 971 2281 apprehenditur
1004 2231 1044 2266 et
1085 2223 1318 2280 expolitur,
1361 2223 1545 2279 singula-

113 2309 206 2339 rum
249 2295 402 2339 deinde
445 2296 668 2339 notionum
703 2296 841 2352 quoad
870 2296 960 2339 fieri
991 2302 1129 2351 potest
1156 2295 1374 2339 enucleata
1406 2294 1545 2351 prodit

113 2366 355 2418 distinctio,
380 2367 696 2410 accommodata
728 2367 948 2423 dispositio
972 2375 1012 2411 et
1046 2366 1328 2416 consociatio,
1362 2366 1546 2421 penitIOr

113 2440 299 2497 cognitio
340 2440 476 2483 mutui
520 2439 687 2483 habitus
732 2449 773 2483 et
815 2453 949 2484 nexus
999 2453 1082 2495 quo
1129 2439 1294 2497 singula
1341 2438 1544 2482 doctrinae

156 2587 200 2630 (ι)
225 2588 281 2621 SS.
308 2589 344 2620 D.
372 2589 410 2620 N.
436 2588 483 2620 Pii
510 2588 549 2620 lX
578 2585 717 2630 Encycz.
738 2587 759 2620 9
786 2596 860 2620 nov.
891 2587 991 2620 1846.

156 2645 198 2686 (2)
228 2643 276 2676 Dc
304 2643 431 2677 Trinit.
457 2644 518 2677 lib.
543 2644 589 2684 9,
617 2653 690 2685 cap.
718 2646 750 2678 1.

1295 2711 1333 2739 41
