1931 3239
397 164 531 190 JACOBI
558 165 699 191 sARUG.
728 165 925 192 DOCTRINA
954 166 1002 191 DE
1030 167 1062 191 Β.
1090 167 1126 191 V.
1154 167 1195 192 M.
1452 158 1509 191 187

79 255 262 298 tissimos
293 258 511 308 attribuit3
540 257 691 312 injuria
723 259 900 313 proinde
932 259 1044 301 illam
1073 273 1121 301 ex
1150 261 1226 301 bac
1252 266 1367 314 parte
1392 259 1505 300 velli·

76 340 170 369 care
223 328 415 369 nituntur
458 329 698 383 quicunque
733 329 822 383 ejus
863 343 983 371 usum
1026 330 1277 372 hodiernum
1318 337 1504 372 veterum

76 397 277 440 doctrinae
305 399 411 440 haud
457 399 620 441 fundari
653 411 737 441 non
766 408 965 442 verentur
997 414 1184 443 asserere
1204 437 1213 450 ,
1241 415 1335 442 cum
1368 401 1507 456 potius

76 468 152 523 ipsi
195 481 216 510 a
266 469 503 511 traditionis
548 483 692 512 norma
740 471 1046 520 abscesserint,
1096 472 1364 526 quantumvis
1412 484 1502 514 eam

76 541 258 583 retinere
301 548 342 583 et
378 541 497 597 sequi
533 542 611 584 sibi
649 542 987 585 adblandiantur.
1022 543 1126 595 Quae
1161 558 1254 585 cum
1297 544 1352 585 ita
1391 544 1503 592 sint,

75 625 127 655 ne
166 613 207 654 in
253 627 297 656 re
351 621 435 655 tam
485 614 705 670 perspicua
750 627 945 657 sermone
985 616 1132 657 abutar
1174 615 1338 664 inutili,
1377 616 1503 658 (locu-

74 692 314 727 mentorum
344 699 436 741 quae
466 687 619 741 protuli
657 687 1007 730 commentarium
1040 689 1214 730 minime
1251 688 1501 744 adjungam3

73 763 137 798 ast
176 756 260 798 duo
298 757 565 800 solummodo
601 766 755 813 puncta
789 758 926 813 aliqua
970 759 1264 814 explanatione
1314 760 1503 815 augebo,

74 840 203 869 unum
238 828 347 871 circa
381 829 690 871 immaculatam
723 829 912 884 Deiparae
947 831 1294 885 conceptionem,
1323 832 1502 873 alterum

74 900 184 954 quod
210 901 258 942 ad
276 914 321 942 ea
349 901 437 943 loca
459 909 620 956 spectat
643 902 683 943 in
709 902 862 956 quibus
892 910 1037 944 auctor
1064 903 1287 945 admittere
1315 903 1504 945 videatur

72 971 242 1014 Mariam
280 973 322 1014 in
378 979 497 1027 partu
535 986 612 1015 suo
642 973 810 1016 dolores
848 973 976 1016 fuisse
1011 987 1268 1030 perpessam.

218 1119 232 1158 ἕ
257 1121 287 1152 1.
314 1127 344 1153 S.
370 1126 490 1153 JACOBI
514 1127 694 1154 DOCTRINA
722 1127 766 1154 DE
791 1128 973 1154 ORIGINALI
999 1129 1175 1155 MUNDITIE
1202 1130 1232 1155 B.
1261 1130 1298 1154 M.
1325 1130 1359 1154 V.

130 1228 338 1284 Supremo
376 1236 416 1271 et
447 1228 653 1271 infallibili
696 1229 895 1272 Ecclesiae
927 1230 1097 1273 oraculo
1132 1230 1351 1272 definitum
1385 1237 1450 1272 est
1489 1245 1496 1272 :

73 1316 91 1338 «
131 1299 366 1360 doctrinam
421 1312 514 1355 quae
555 1307 698 1350 tenet,
742 1301 1027 1344 beatissimam
1074 1301 1278 1357 virginem
1322 1300 1497 1343 Mariam

72 1388 90 1411 «
137 1372 177 1414 in
225 1372 360 1427 primo
407 1371 582 1415 instanti
637 1385 722 1415 suae
773 1373 1064 1428 conceptionis
1113 1373 1242 1415 fuisse
1298 1372 1500 1428 singulari

72 1460 90 1482 «
130 1443 435 1498 omnipotentis
464 1443 539 1485 Dei
571 1443 702 1499 gratia
733 1451 773 1485 et
803 1443 1039 1499 privilegio,
1065 1443 1219 1485 intuitu
1252 1444 1499 1486 meritorum

72 1530 90 1553 «
131 1514 284 1557 Christi
316 1514 415 1556 Jesu
452 1514 669 1556 salvatoris
700 1515 872 1556 humani
908 1515 1096 1570 generis,
1132 1515 1184 1557 ab
1220 1515 1334 1556 omni
1375 1515 1501 1572 origi-

72 1603 91 1626 «
132 1585 236 1627 nalis
276 1586 408 1641 culpae
454 1586 546 1629 labe
580 1593 875 1641 praeservatam
921 1586 1181 1635 immunem,
1215 1599 1307 1629 esse
1340 1600 1361 1628 a
1410 1587 1499 1629 Deo

72 1676 89 1698 «
131 1658 381 1707 revelatam,
417 1666 543 1713 atque
576 1658 733 1700 idcirco
769 1659 819 1701 ab
856 1659 1054 1701 omnibus
1094 1659 1287 1701 fidelibus
1325 1659 1500 1701 tirmiter

72 1736 459 1784 «constanterque
511 1730 829 1772 credendam.»
888 1730 1021 1782 Quam
1083 1731 1317 1773 doctrinam
1371 1731 1499 1773 fuisse

67 1809 267 1857 perpetua
307 1801 530 1844 traditione
564 1802 615 1844 ab
653 1815 740 1844 aevo
773 1802 1004 1857 apostolico
1039 1802 1089 1844 ad
1130 1810 1271 1844 nostra
1309 1810 1496 1857 tempora

67 1872 356 1915 transmissam
389 1872 552 1914 erudite
581 1880 620 1914 et
651 1873 820 1927 copiose
852 1873 1084 1928 probarunt
1115 1873 1298 1929 theologi
1329 1872 1496 1928 plures,

68 1945 178 1987 inter
200 1958 306 2001 quos
332 1945 489 1987 laudari
513 1953 730 1988 merentur
751 1946 792 1987 in
818 1945 964 2001 primis
984 1945 1045 1987 lll.
1077 1946 1212 1987 Malou
1236 1978 1244 1994 ‚
1275 1946 1498 2001 episcopus

68 2018 314 2074 brugensis,
337 2025 378 2060 et
403 2018 495 2060 Car.
523 2017 746 2073 Passaglia.
769 2018 892 2073 Apud
912 2018 1039 2074 Syros
1063 2017 1295 2073 praecipue,
1322 2017 1495 2060 forsitan

67 2089 200 2145 magis
227 2088 407 2130 dilucida
435 2096 477 2130 et
506 2088 704 2143 frequens
741 2102 866 2144 quam
908 2089 949 2130 in
991 2088 1082 2130 aliis
1109 2088 1322 2137 ecclesiis,
1354 2101 1498 2130 occur-

67 2160 121 2202 rit
157 2160 352 2215 perfectae
385 2166 676 2221 άναμαρτησιὰς
708 2167 749 2203 et
774 2161 948 2216 integrae
980 2159 1172 2214 puritatis
1206 2158 1280 2201 Dei
1314 2159 1497 2215 genetri-

67 2231 127 2274 cis
169 2232 372 2283 asserti03
410 2245 546 2287 neque
596 2244 694 2274 vero
743 2231 820 2273 alia
870 2231 947 2272 fuit
983 2230 1126 2273 Jacobi
1158 2229 1398 2279 sententia,
1426 2230 1497 2286 qui

67 2303 161 2347 ideo
207 2311 295 2347 tum
335 2305 386 2348 ab
425 2304 669 2348 auctoribus
712 2305 839 2347 modo
881 2304 1018 2346 citatis
1064 2303 1137 2359 (ι),
1177 2310 1264 2344 tum
1307 2303 1430 2345 etiam
1474 2316 1495 2345 a

113 2432 154 2472 (i)
182 2431 310 2464 videsis
341 2431 413 2462 Car.
441 2431 605 2471 Passaglia
639 2444 645 2465 :
674 2430 714 2462 de
747 2430 969 2462 immaculato
995 2429 1156 2470 Deiparoe
1183 2437 1313 2469 semper
1346 2427 1496 2470 viminis

65 2492 228 2530 conceptu
248 2488 533 2525 commentarius,
556 2498 585 2529 p.
607 2488 705 2526 1048,
723 2488 874 2528 Neapoli,
903 2488 1012 2523 1855;
1043 2492 1076 2517 et
1106 2484 1328 2517 t’immacede'e
1356 2495 1496 2526 concep-

66 2546 138 2577 tion
166 2546 206 2576 cle
232 2548 267 2577 la
297 2545 537 2577 biennem-ense
561 2545 673 2588 viersje
700 2544 830 2581 Marte,
856 2543 1048 2576 consicldre'c
1074 2553 1199 2574 comme
1216 2543 1335 2586 (loyme
1358 2541 1399 2573 sle
1425 2540 1496 2583 fai,

70 2612 127 2643 par
147 2603 217 2644 Mgr
235 2603 262 2634 J.
283 2603 314 2633 B.
334 2603 443 2634 Malou
459 2627 466 2640 ‚
492 2601 619 2642 et‘eque
635 2603 677 2635 de
703 2603 840 2642 Bruges.
862 2601 1036 2634 Bruxelles
1051 2624 1059 2639 ‚
1078 2601 1167 2642 apud
1186 2601 1348 2633 Goemare
1361 2624 1368 2635 ,
1395 2599 1497 2635 1857,

68 2666 157 2693 tome
182 2660 305 2692 second
322 2684 330 2698 ,
363 2669 419 2700 pp.
447 2659 484 2691 ⁵21
516 2664 548 2690 et
573 2659 626 2690 ⁹222.
