1931 3239
552 175 746 203 sx'RORUM
771 175 874 202 HIST.
902 175 1004 202 LITT.
1464 168 1501 202 19

245 298 259 338 ξ
285 301 315 331 7.
343 304 561 332 SCRIPTORES
587 305 668 331 SYRI
695 306 913 332 NESTORIANI
940 305 1007 331 VEL
1033 305 1312 333 MONOPHYSITAE.

124 408 333 450 Exstitere
374 415 514 450 autem
562 407 587 448 ii
635 420 783 450 omnes
826 421 1005 462 quorum
1061 409 1264 449 hactenus
1322 407 1498 449 mentio·

64 491 159 522 nem
207 478 382 520 fecimus
419 477 519 525 viri,
562 477 596 519 si
644 491 773 519 unum
820 478 1101 520 Bardesanem
1146 477 1358 532 excipias,
1395 477 1500 519 inte-

15 566 18 569 *
63 561 147 605 grae
195 548 290 591 fidei
338 555 380 591 et
425 548 640 591 catholicae
690 548 906 591 doctrinae,
951 549 1042 591 Non
1089 549 1315 591 defuerunt
1360 557 1500 591 tamen

63 620 162 663 inde
210 633 231 663 a
292 619 446 662 saeculo
503 626 653 674 quarto
710 619 749 661 in
819 627 995 676 utraque
1053 627 1164 662 secta
1192 652 1201 668 ,
1261 632 1342 674 qua
1398 628 1499 661 tunc

64 691 279 734 orientalis
338 691 515 734 ecclesia
568 691 803 733 miserrime
862 691 1162 739 scindebatur,
1211 690 1281 746 qui
1333 703 1498 733 errores

64 775 162 805 suos
207 763 366 818 scripto
415 770 730 818 propugnantes
783 762 971 804 scientiae
1018 762 1124 804 fama
1169 762 1410 804 claruerunt
1457 770 1499 803 et

63 833 274 877 scribendi
305 832 468 889 peritia.
496 833 551 875 Ut
576 847 597 875 a
628 833 976 876 Nestorianorum
1005 841 1114 875 coetu
1140 846 1357 875 sumamus
1377 845 1497 875 exor-

64 905 178 948 dium
202 939 211 955 ,
244 907 295 949 ab
330 905 567 948 Ebed-Jesu
606 905 785 948 Sobensi
824 906 866 947 in
905 909 1089 959 cataloqo
1128 905 1311 947 citantur
1344 906 1501 947 BARsu-

63 991 142 1021 Mas
175 977 220 1034 (1)
258 978 482 1033 episcopus
525 977 768 1026 nisibenus,
806 977 970 1020 NAnsEs
1013 977 1057 1034 (a)
1103 976 1258 1019 scholae
1298 976 1501 1018 nisibenae

65 1050 262 1092 fundator
281 1083 290 1099 ,
319 1057 360 1092 et
385 1050 598 1092 IAzmADEs
625 1049 673 1105 (5)
698 1062 721 1092 e
751 1050 892 1092 schola
921 1050 1124 1092 edessena
1154 1050 1367 1105 profectus
1389 1083 1398 1099 ,
1429 1051 1499 1105 qui

64 1123 233 1179 quidem
260 1123 453 1166 haeresim
483 1137 562 1178 qua
596 1123 674 1178 ipsi
713 1123 1010 1166 inficiebantur
1038 1123 1080 1165 iu
1106 1124 1350 1179 Assyriam,
1378 1123 1498 1166 Chal-

64 1195 195 1237 daeam
233 1203 274 1238 et
311 1195 529 1238 Persidem
577 1195 849 1237 induxerunt.
893 1193 1027 1250 Hujus
1067 1207 1164 1238 vero
1208 1195 1498 1251 propagationi

63 1275 254 1323 tempore
301 1267 467 1310 concilii
509 1267 698 1323 ephesini
754 1280 852 1310 suas
896 1267 1021 1310 etiam
1068 1267 1108 1308 in
1149 1267 1321 1309 Perside
1359 1273 1499 1321 partes

65 1339 302 1382 habuerunt
322 1339 469 1382 Manes
493 1339 746 1395 episcopus,
772 1339 821 1380 ad
851 1350 974 1394 quem
1010 1338 1103 1380 lbas
1132 1338 1362 1381 edessenus
1390 1337 1499 1393 epis-

67 1409 191 1453 tolam
226 1424 345 1452 suam
372 1410 550 1459 direxit,
585 1417 626 1452 et
654 1410 824 1452 MAANES
859 1409 931 1465 qui
962 1410 1171 1452 Theodori
1208 1408 1495 1464 Mopsuesteni

65 1481 218 1537 scripta
242 1494 264 1524 e
295 1493 430 1537 graeco
461 1481 559 1523 fecit
587 1480 744 1537 syriaca
774 1480 835 1537 (4).

125 1553 249 1607 Apud
278 1553 592 1609 Monophysitas
621 1565 719 1595 vero
744 1551 893 1594 claruit
917 1552 1099 1594 XENAias
1122 1564 1193 1594 seu
1229 1553 1496 1594 anoxnnus

63 1637 218 1681 genere
250 1637 394 1680 persa,
431 1624 610 1666 civitatis
647 1624 813 1679 Mabugi
835 1656 844 1673 ,
876 1636 968 1679 quae
1000 1631 1040 1666 et
1077 1623 1315 1679 Hierapolis
1352 1622 1497 1672 audit,

63 1696 286 1751 episcopus
312 1695 568 1738 constitutus
587 1708 698 1738 anno
724 1694 877 1738 Christi
906 1697 1021 1745 4853
1050 1695 1179 1736 muita
1210 1694 1368 1750 syriace
1401 1693 1495 1735 reli-

63 1767 154 1823 quit
193 1767 300 1823 stylo
339 1766 622 1815 nitidissimo,
658 1769 955 1809 commentaria
991 1765 1151 1808 scilicet
1193 1769 1238 1807 in
1274 1766 1319 1807 S.
1357 1766 1496 1817 Serip-

65 1845 205 1881 turam
220 1872 230 1888 ,
254 1845 456 1881 tractatus
478 1841 728 1892 doqmacicos
744 1871 753 1886 ,
786 1841 977 1891 epistolas
1001 1845 1036 1879 et
1061 1840 1152 1891 fidei
1174 1839 1498 1891 professionem;

63 1910 156 1967 Syri
189 1917 330 1953 autem
361 1923 457 1952 eum
485 1909 695 1965 praecipue
721 1909 916 1952 laudibus
944 1908 1154 1952 extollunt
1182 1910 1235 1951 ob
1271 1912 1497 1951 versionem

65 1984 159 2024 novi
181 1985 409 2024 testamenti
428 1988 463 2024 et
480 1984 736 2035 psalmorum
754 1994 879 2036 quam
899 1981 1008 2023 circa
1031 1993 1187 2022 annum
1206 1982 1296 2024 508
1313 1980 1496 2023 efficien-

65 2052 160 2096 dam
181 2054 342 2095 curavit
372 2061 412 2095 et
433 2065 526 2108 quae
544 2053 595 2095 ab
614 2052 703 2107 ejus
727 2052 899 2094 nomine
919 2054 1221 2105 philoxeniana
1246 2059 1417 2094 vocatur
1434 2051 1495 2106 (5).

63 2226 246 2277 ,qim-1
277 2227 364 2256 Am
394 2207 555 2256 σι’..ξρὲεο
584 2206 733 2268 ,ἑοῖ-ΩΟ
760 2224 790 2255 h.
822 2233 850 2256 e.
890 2222 1083 2265 Descriptio
1119 2223 1272 2256 historice
1308 2226 1497 2264 temporum

60 2293 304 2326 pressurarum
337 2293 411 2326 quae
445 2283 643 2315 aeciderunt
668 2282 707 2313 in
733 2280 861 2314 Edessa
888 2283 918 2312 et
954 2280 992 2311 in
1018 2279 1165 2317 Amida,
1193 2289 1322 2311 necnon
1349 2280 1385 2311 in
1421 2280 1495 2311 zmi-

62 2351 159 2374 versa
185 2340 442 2383 Mesopotamia

109 2398 150 2437 (i)
179 2398 211 2428 Β.
238 2398 275 2430 Ο.
304 2397 344 2428 111
362 2423 369 2435 ,
395 2407 426 2438 p.
452 2397 507 2429 66.
533 2420 536 2424 .

112 2456 152 2494 (2)
180 2454 264 2486 lbid.
294 2464 324 2495 p.
351 2455 406 2487 65.

112 2512 153 2552 (5)
181 2511 263 2542 ibid.
293 2521 323 2552 p.
351 2511 430 2543 226.

112 2569 156 2608 (A)
182 2567 268 2600 lbid.
297 2578 328 2608 p.
355 2569 433 2600 576.

113 2626 153 2667 (5)
181 2626 248 2658 Gfr.
276 2627 309 2658 Β.
325 2626 362 2658 Ο.
384 2626 421 2664 ΙΙ,
440 2636 492 2667 pp.
511 2625 630 2663 2546,
650 2626 738 2657 etei.
756 2621 1106 2665 Lamy‚1ntr0dacci0
1127 2622 1162 2653 in
1179 2620 1212 2651 S.
1229 2620 1352 2662 Seript.
1371 2630 1401 2661 p.
1420 2620 1497 2651 186.
