1931 3239
652 176 787 204 JACOBI
815 178 956 205 SARUG.
984 179 1089 205 vt'rA.
1540 177 1582 208 02

155 267 328 322 ejusque
361 268 515 310 moenia
549 270 729 324 collapsa
766 272 994 314 instaurata
1030 274 1143 316 suere
1176 287 1287 316 anno
1317 278 1431 325 505,
1468 279 1578 331 quod

152 338 280 380 ‚losue
316 337 356 379 in
392 339 594 381 Chronico
623 352 700 382 suo
739 347 928 383 testatur.

212 412 363 453 Errant
385 413 573 465 profecto
604 413 894 456 Renaudotius
920 413 964 469 (1)
989 422 1030 456 et
1062 416 1214 459 Masius
1240 425 1382 460 noster
1405 417 1451 473 (2)
1470 451 1479 467 ‚
1509 419 1578 460 ubi

151 482 359 534 Saruqum
393 490 433 523 et
470 484 628 524 Batitas
664 483 768 525 duas
803 484 929 526 urbes
965 485 1093 528 fuisse
1122 487 1376 541 opinantur;
1409 502 1502 530 nam
1538 490 1578 531 in

150 552 366 594 codicibus
407 553 706 609 manuscriptis
743 567 854 610 saepe
889 555 1058 610 quidem
1091 569 1231 600 sermo
1265 566 1329 600 est
1356 559 1408 601 de
1445 561 1581 602 Rama

150 625 324 677 Sarapi,
355 631 400 665 ut
427 637 462 665 V.
492 637 530 680 g.
551 625 591 666 in
616 625 892 680 inscriptione
918 630 1155 679 paneqyrici
1172 661 1182 678 ,
1209 629 1270 671 vel
1303 629 1354 671 de
1384 632 1520 673 Rama
1538 634 1580 672 in

150 696 333 749 Saruqo,
366 702 409 737 ut
430 695 594 751 adjecto
614 697 798 752 regionis
816 698 988 740 nomine
1008 699 1108 742 urbs
1123 701 1380 756 caeteroquin
1405 704 1579 746 obscura

150 766 282 821 magis
326 766 589 817 innotescat3
632 780 837 822 nusquam
877 777 1015 811 tamen
1056 770 1108 813 ita
1151 771 1468 829 conjunguntur
1504 775 1580 817 ista

150 839 320 881 nomina
358 846 401 881 ut
430 839 480 880 iis
512 839 595 881 duo
625 839 777 895 oppida
809 841 1115 897 significentur.

217 910 349 952 Porro
385 910 425 951 in
457 910 636 952 concilio
677 911 955 962 antiocheno,
990 912 1030 954 in
1068 926 1192 955 causa
1226 913 1307 955 lbae
1344 916 1582 965 celebrato,

151 981 302 1037 legitur
318 981 573 1037 subscriptio
599 982 725 1024 Dadae
748 983 934 1038 episcopi
957 986 1232 1033 Batenorum,·
1256 986 1418 1041 synodo
1437 994 1576 1031 autem

148 1052 333 1107 generali
370 1053 518 1108 quinto
548 1053 800 1109 subscripsit
829 1054 1022 1097 Julianus
1056 1058 1235 1098 Batnon.

212 1124 286 1166 His
314 1124 366 1166 de
391 1124 536 1167 Jacobi
567 1132 689 1167 aetate
712 1138 759 1167 ac
795 1126 925 1180 patria
955 1127 1138 1176 notatis,
1171 1127 1335 1183 singula
1369 1128 1459 1184 ejus
1490 1128 1582 1170 vitae

148 1196 282 1251 capita
312 1196 613 1246 lustrabimur,
641 1197 778 1252 quoad
808 1196 899 1253 ejus
929 1198 1018 1241 fieri
1050 1198 1231 1254 poterit,
1260 1199 1520 1243 brevissime.

287 1339 301 1377 ξ
325 1339 356 1371 2.
384 1345 428 1371 DE
453 1345 632 1372 FACINORE
657 1346 823 1373 msomro
848 1347 945 1378 QUOD
969 1348 1100 1374 JACOBO
1125 1349 1270 1375 INFANTI
1293 1349 1449 1375 LEGiTUR

736 1412 989 1438 ATTRIBUTUM.

209 1507 441 1547 Auctorum
477 1517 582 1559 quos
615 1517 740 1560 supra
776 1505 1028 1560 protulimus
1063 1513 1238 1561 uterque
1273 1506 1426 1548 factum
1461 1507 1582 1550 mira-

148 1577 256 1626 bile,
289 1576 476 1618 divinum
499 1576 650 1619 futurae
678 1577 896 1632 sapientiae
918 1578 1138 1633 angurium
1157 1610 1166 1628 ‚
1193 1577 1244 1620 de
1271 1592 1401 1633 puero
1427 1579 1580 1622 trienni

147 1661 347 1704 expresse
389 1656 640 1691 memorant.
688 1649 724 1691 ls
765 1650 904 1697 enim,
941 1648 1060 1704 juxta
1103 1651 1401 1706 Anonymnm,
1450 1651 1581 1706 prosi-

147 1721 253 1763 liens
287 1734 309 1763 e
344 1721 491 1763 matris
525 1721 619 1763 sinu
656 1734 677 1763 a
718 1734 798 1776 qua
843 1721 976 1763 fuerat
1014 1721 1054 1762 in
1092 1722 1312 1763 ecclesiam
1350 1722 1580 1771 adductus,

147 1806 239 1836 sese
260 1793 487 1835 oblationis
514 1801 702 1848 tempore
723 1793 772 1835 ad
804 1793 934 1835 altare
958 1793 1138 1835 contulit
1160 1807 1208 1835 ac
1234 1794 1438 1847 Spiritum
1464 1809 1580 1837 sanc-

148 1871 233 1907 tum
268 1866 396 1906 tribus
424 1867 590 1917 puqillis
624 1867 793 1913 hausic;
824 1864 935 1918 quod
971 1877 1046 1907 nec
1073 1864 1227 1907 clarius
1258 1878 1335 1908 nec
1364 1866 1581 1908 defiuitius

148 1935 399 1991 exprimitur
418 1949 439 1978 a
461 1935 665 1990 Georgio,
687 1935 757 1977 ubi
782 1935 883 1977 dicit
913 1948 1088 1990 puerum
1105 1968 1114 1985 ‚
1143 1939 1187 1977 in
1210 1937 1310 1988 festo
1335 1937 1582 1989 Epiphanioe

147 2009 312 2050 Domini
344 2007 384 2048 id
416 2007 553 2062 egisse
594 2021 646 2048 ex
687 2009 826 2059 qratia
859 2009 1028 2053 divina,
1066 2014 1110 2048 ut
1144 2021 1283 2049 coram
1324 2010 1506 2061 episcopo
1537 2011 1580 2050 in

146 2083 282 2132 ipsum
317 2081 607 2121 sanctuarium
636 2078 899 2133 irrumpens,
930 2080 1058 2120 tribus
1080 2081 1245 2130 puqillis
1272 2092 1344 2131 per
1373 2087 1452 2121 tres
1479 2083 1580 2122 vices

147 2154 299 2194 biberit.
343 2150 548 2207 Adjnngit
582 2151 650 2193 hic
686 2151 902 2205 «coepisse
948 2152 1094 2192 eoeinde
1134 2150 1338 2205 Spiritum
1384 2158 1578 2193 sanctum

147 2236 296 2265 arcana
336 2222 477 2265 omnia
520 2222 562 2263 in
597 2221 749 2264 divinis
788 2220 1247 2276 scripturis0contenta
1284 2221 1420 2262 eidem
1467 2234 1579 2263 reve-

147 2295 255 2345 lare,
280 2312 298 2335 »
339 2295 407 2337 ille
437 2302 579 2338 autem
623 2294 773 2337 asserit
814 2294 1055 2337 «Jacobum
1101 2306 1151 2335 ex
1196 2300 1296 2335 tunc
1347 2293 1579 2348 producere

149 2368 328 2423 coepisse
365 2380 585 2411 sermones
620 2376 661 2410 et
691 2367 896 2410 doctrinae
930 2367 1198 2408 documenta.
1222 2381 1240 2403 ι)

195 2508 238 2546 (ι)
265 2504 426 2548 Liturqy.
455 2504 595 2555 orfmtt.
621 2509 702 2536 tom.
729 2503 749 2535 Ξ
766 2529 774 2542 ,
804 2514 834 2545 p.
864 2504 942 2535 567.

195 2566 239 2604 (2)
271 2564 304 2595 in
333 2561 474 2604 praefat.
498 2564 539 2595 ad
569 2564 694 2595 librum
719 2563 839 2603 Moysis
867 2561 1043 2601 Barcephae
1060 2584 1067 2594 ,
1096 2559 1148 2591 cui
1174 2559 1295 2591 titulus
1319 2559 1358 2591 de
1384 2559 1579 2595 paradiso,

151 2632 181 2662 p.
210 2621 262 2653 10.
294 2621 483 2662 Antverpiae
507 2629 547 2652 ex
573 2620 703 2651 officina
731 2619 922 2659 Christoph.
948 2616 1090 2649 Plautini
1109 2641 1116 2653 ,
1148 2615 1246 2648 1569.
