1931 3239
585 217 751 244 CARMEN
775 218 801 243 11
829 218 878 243 DE
904 219 938 243 e.
966 219 1001 243 v.
1030 218 1070 243 M.
1489 210 1553 243 287

179 308 336 352 Similis
381 316 444 351 est
491 309 617 351 Maria
659 317 746 352 tum
800 310 1027 360 matribus,
1073 317 1160 352 tum
1206 310 1461 367 virginibus,
1512 320 1554 353 et

119 389 267 433 similis
297 398 361 433 est
390 391 522 434 Natus
549 391 639 447 ejus
672 400 714 435 et
743 393 832 435 Deo
863 400 904 435 et
932 393 1188 436 hominibus.

176 474 329 516 Forma
358 475 495 516 Patris
520 475 696 516 formam
727 475 835 517 servi
866 475 907 517 in
938 483 1058 518 utero
1084 477 1335 532 assumpsit,
1365 485 1410 519 ut
1440 478 1552 520 Deus

115 556 238 598 simul
271 564 311 599 et
346 557 472 598 homo
508 555 757 599 mirabiliter
787 556 916 608 foret3
955 557 1008 600 ita
1045 558 1169 600 heros
1205 558 1299 609 ille,
1324 560 1435 601 Patri
1473 574 1551 603 suo

114 639 288 689 similis,
310 639 460 681 similis
492 640 626 681 factus
648 647 711 682 est
736 632 859 682 nobis
886 640 927 681 in
958 641 1122 683 cunctis
1146 641 1364 683 hominum
1389 643 1550 697 passio-

114 722 265 772 nibus,
307 729 481 777 excepta
533 721 780 777 iniquitate3
825 722 1054 765 constituta
1106 736 1273 779 quoque
1311 733 1373 767 est
1415 732 1550 769 mater

112 803 203 860 ejus
241 803 405 846 cunctis
435 803 687 859 genitricum
729 803 948 846 doloribus
980 803 1191 860 subjecta,
1226 813 1402 861 excepto
1437 808 1549 863 quod

110 886 244 942 ipsius
271 886 500 929 claustrum
532 886 734 943 virginale
764 886 874 929 filius
901 888 1095 930 exeundo
1129 901 1213 931 non
1242 889 1426 932 solverit.

172 1085 282 1129 Sane
310 1085 485 1129 decebat
513 1086 645 1141 ipsam
676 1085 732 1127 ita
761 1085 804 1127 in
838 1099 911 1128 sua
941 1086 1178 1142 virginitate
1207 1100 1476 1143 permanere,
1507 1098 1551 1132 ut

109 1169 263 1212 certior
298 1168 545 1212 redderetur
579 1168 773 1223 quisnam
801 1177 912 1212 esset
943 1177 1062 1225 pater
1095 1170 1300 1226 unigeniti
1330 1171 1410 1213 sui.

171 1254 216 1295 In
241 1252 373 1308 ipsius
394 1252 487 1294 sinu
511 1251 735 1307 purissimo
763 1251 963 1295 habitavit
986 1252 1259 1296 Admirabilis
1275 1286 1285 1303 ‚
1311 1267 1405 1296 cum
1426 1255 1549 1297 nobis

109 1334 369 1385 exoriretur3
400 1333 512 1389 quod
540 1334 575 1376 si
603 1334 799 1377 exeundo
827 1334 945 1390 signa
975 1334 1191 1390 virginalia
1222 1334 1434 1385 violasset,
1464 1349 1548 1379 non

108 1417 216 1460 foret
244 1415 530 1459 Admirabilis.

170 1499 251 1541 Per
278 1505 443 1553 portam
476 1497 661 1540 clausam
690 1498 960 1554 ingressurus
990 1507 1079 1541 erat
1109 1500 1148 1541 in
1180 1500 1410 1551 mundum,
1441 1501 1551 1544 sicut

110 1581 315 1637 scriptum
356 1588 445 1631 est;
489 1581 523 1624 si
565 1581 692 1637 igitur
734 1594 826 1624 earn
871 1584 1127 1638 aperuisset,
1164 1596 1300 1638 neque
1344 1584 1549 1626 Dominus

109 1664 281 1714 suisset,
305 1677 443 1719 neque
467 1665 609 1715 Deus;
642 1672 704 1706 ast
730 1665 825 1719 quia
855 1665 1061 1708 veniendo
1093 1665 1141 1707 ad
1174 1665 1433 1709 nativitatem
1463 1679 1548 1709 ser-

106 1747 216 1790 vavit
258 1746 510 1803 virginitatis
545 1746 705 1803 sigilla,
738 1747 1030 1802 unusquisque
1064 1748 1291 1791 confitetur
1329 1749 1473 1792 Jesum
1507 1756 1549 1792 et

105 1828 335 1872 Dominum
365 1841 458 1872 esse
488 1836 529 1871 et
560 1828 874 1871 Admiribilem.

167 1911 351 1953 Laetetur
381 1910 584 1965 propheta
612 1910 797 1952 Ezechiel
825 1910 879 1952 ob
908 1917 1084 1953 matrem
1114 1924 1207 1966 quae
1236 1911 1277 1952 in
1308 1911 1548 1967 virginitate

105 2006 180 2036 sua
202 1992 447 2049 permansit,
469 1992 677 2047 nobisque
700 1992 885 2034 declaret
901 1992 967 2034 bic
989 2005 1079 2034 eam
1102 1992 1232 2047 ipsam
1253 2001 1418 2048 portam
1438 2006 1546 2044 esse,

106 2088 231 2130 quam
268 2074 372 2117 vidit
403 2087 496 2117 esse
532 2074 740 2125 clausam3
768 2086 842 2130 per
871 2087 962 2116 eam
999 2074 1190 2117 Christus
1227 2074 1421 2125 intravit,
1446 2076 1547 2118 dum

106 2158 232 2201 Pater
270 2171 365 2200 eum
392 2157 442 2200 ad
467 2157 735 2200 invisendum
767 2158 880 2200 hunc
913 2158 1117 2200 mundum
1149 2158 1376 2213 ablegavit,
1410 2171 1547 2213 neque

106 2241 184 2297 ipsi
201 2241 428 2284 convenire
449 2248 612 2297 poterat
631 2250 748 2297 porta
772 2248 928 2296 aperta,
954 2240 1296 2296 quandoquidem
1314 2241 1426 2283 Deus
1441 2250 1546 2283 erat.

164 2322 320 2378 Utique
360 2323 654 2365 universorum
696 2329 952 2365 restaurator
988 2335 1073 2365 non
1114 2322 1227 2364 venit
1269 2329 1314 2364 ut
1354 2329 1545 2364 naturam

105 2414 422 2462 corrumperet3
446 2407 496 2449 ad
519 2407 825 2449 restituendum
851 2407 962 2462 quod
984 2414 1227 2463 corruptum
1257 2414 1344 2449 erat
1373 2407 1544 2449 miserat

104 2502 201 2533 eum
232 2491 380 2542 Pater;
410 2491 566 2538 Hevam
599 2491 825 2547 collapsam
858 2491 901 2532 in
932 2490 1169 2546 virginitate
1208 2503 1281 2532 sua
1322 2490 1544 2533 restituere

104 2574 353 2623 advenerat,
388 2587 651 2630 nequaquam
689 2588 786 2619 vero
825 2575 1028 2631 virginem
1061 2574 1189 2625 laesit,
1221 2587 1346 2629 quam
1383 2573 1460 2617 sibi
1502 2572 1543 2614 in

103 2664 279 2700 matrem
310 2656 552 2713 assumpsit.
