1931 3239
587 163 752 189 (n-xRMEN
778 164 804 189 11
832 163 880 188 nn
907 164 939 189 B.
969 164 1004 188 v.
1034 164 1074 189 M.
1482 157 1545 190 ⁵271.)

173 255 250 297 Hic
284 254 370 310 jam
412 267 552 297 sermo
598 255 723 297 linem
770 268 891 297 suum
929 255 1102 310 accipiat
1142 256 1300 311 absque
1339 255 1543 313 discepta—

112 337 249 386 tione,
289 346 330 380 et
361 351 461 380 sane
495 350 546 380 ex
579 338 723 393 genito
757 338 829 380 tibi
876 338 993 380 facile
1024 339 1103 380 erit
1138 338 1189 381 de
1218 338 1307 394 ejus
1337 340 1541 396 genitrice

111 420 298 463 stabilire
329 423 569 463 sententiam
606 438 618 461 .·
656 420 691 462 si
726 434 821 462 eum
852 433 1056 476 agnoscas
1086 428 1130 462 ut
1158 421 1313 471 Deum,
1346 424 1403 464 uti
1431 424 1544 467 Deus

111 513 200 554 est,
232 504 352 547 facile
382 504 608 560 perspicies
639 512 804 546 uterum
841 517 933 546 esse
969 504 1009 545 in
1046 504 1234 560 virginali
1264 513 1373 547 statu
1407 515 1545 551 custo-

112 588 271 639 ditum3
299 595 461 636 contra,
496 586 530 629 si
563 586 786 636 dubitatio,
808 585 919 628 velut
944 586 1063 628 ulcus
1091 587 1319 636 occultum,
1342 588 1381 630 in
1407 591 1545 633 anIma

113 677 182 712 tua
239 676 385 713 exorta
433 676 529 719 est,
576 669 802 711 difficulter
844 669 916 710 tibi
965 670 1224 724 persuaseris
1265 671 1546 728 virginitatem

113 752 311 795 intactam
345 752 641 808 permansisse.

173 835 276 877 Nam
315 837 423 888 quod
460 838 605 877 attinet
644 842 805 890 portam
841 848 954 886 eam,
997 849 1119 891 quam
1159 837 1359 892 propheta
1399 839 1440 881 in
1479 839 1547 884 illa

115 917 370 960 revelatione
397 918 514 968 vidit,
543 917 700 960 audivit
729 917 862 960 Deum
894 930 968 974 per
995 931 1085 961 eam
1118 932 1211 962 esse
1241 920 1547 976 ingressurum,

116 1013 294 1055 eamque
321 1000 424 1042 vidit
446 1012 540 1043 esse
562 1000 746 1042 clausam
767 1033 776 1051 ,
800 1000 901 1043 illud
932 1013 1033 1043 sane
1067 1001 1123 1043 ita
1159 1010 1222 1044 est
1250 1003 1548 1058 explicandum

114 1089 185 1132 ut,
218 1081 387 1137 quando
420 1081 533 1123 Deus
569 1089 681 1124 esset
712 1094 786 1137 per
819 1094 910 1124 eam
935 1082 1230 1138 ingressurus,
1257 1097 1347 1126 eam
1375 1085 1547 1130 minime

116 1162 297 1219 aperiret
329 1170 373 1205 ut
415 1163 569 1206 deinde
610 1176 684 1220 per
728 1176 820 1206 eam
871 1163 1186 1221 ingrederetur,
1225 1166 1353 1208 veluti
1396 1167 1546 1211 debilis

116 1245 313 1300 quidam3
344 1245 490 1301 utique
521 1246 555 1287 si
583 1245 687 1288 alius
720 1246 790 1301 qui
825 1259 908 1289 non
940 1247 995 1289 sit
1020 1247 1133 1289 Deus
1162 1247 1456 1304 ingrederetur
1479 1264 1552 1306 per

118 1343 208 1373 eam
225 1361 235 1379 ,
259 1328 543 1372 necessarium
570 1330 677 1372 soret
698 1338 741 1371 ut
765 1329 1015 1384 aperiretur,
1038 1330 1091 1372 ita
1117 1339 1178 1381 ut,
1203 1331 1282 1373 nisi
1301 1332 1549 1388 aperiretur,

118 1412 198 1455 iste
229 1425 315 1455 non
341 1412 499 1455 valeret
526 1412 707 1463 intrare3
734 1420 796 1454 ast
820 1413 915 1467 quia
949 1422 1068 1468 porta
1097 1414 1185 1457 haec
1208 1414 1390 1458 Domino
1418 1429 1554 1460 serva-

119 1496 243 1538 batur
285 1502 328 1537 ut
365 1495 454 1551 ipse
492 1507 565 1551 per
606 1508 696 1538 eam
747 1495 946 1545 intraret,
982 1498 1069 1538 ideo
1110 1497 1260 1539 clausit
1302 1510 1394 1541 eam
1429 1507 1554 1554 atque

119 1577 386 1634 obsigillavit,
411 1578 777 1634 manifestavitque
800 1591 845 1621 se
868 1591 959 1620 eam
985 1591 1067 1620 non
1097 1587 1341 1634 aperturum
1363 1582 1553 1625 omnino.

179 1659 385 1704 Similiter
418 1661 543 1703 etiam
572 1660 698 1702 Maria
725 1674 819 1703 cum
846 1661 1083 1716 virginitate
1118 1662 1313 1705 inviolata
1347 1665 1556 1708 custodita

120 1744 197 1787 fuit
244 1745 284 1787 in
331 1754 475 1801 partu,
507 1746 602 1800 quia
643 1745 884 1802 prodigioso
928 1746 1050 1801 plane
1097 1747 1222 1789 modo
1267 1748 1353 1803 ipsa
1395 1751 1558 1806 peperit

120 1828 270 1871 Deum.
298 1828 341 1872 Si
369 1828 598 1879 hominem,
628 1829 699 1884 qui
727 1829 838 1871 Deus
871 1842 954 1872 non
984 1837 1111 1880 esset,
1143 1831 1375 1886 peperisset
1411 1832 1555 1882 Maria,

121 1909 302 1952 claustra
334 1909 551 1966 virginalia
574 1910 712 1952 soluta
740 1910 945 1959 fuissent,
970 1924 1065 1953 cum
1095 1912 1221 1954 homo
1252 1913 1433 1956 claustra
1466 1926 1553 1957 ser-

122 2006 220 2036 vare
253 2006 337 2036 non
375 1992 599 2049 potuisset.

185 2077 278 2119 Duo
306 2083 406 2118 sunt
422 2076 534 2125 haec‚
552 2075 625 2118 sed
642 2088 773 2117 unum
795 2087 890 2118 cum
912 2074 1045 2117 altero
1064 2087 1255 2117 connexa
1286 2082 1408 2127 sunt;
1427 2077 1556 2131 etqui

124 2158 286 2201 haesitat
315 2170 366 2201 ex
391 2157 454 2199 bis
483 2158 661 2200 alterum
691 2157 936 2206 admittere,
965 2156 1014 2199 ad
1041 2157 1217 2199 alterum
1245 2157 1552 2200 admittendum

124 2254 216 2285 sese
249 2240 424 2282 minime
454 2239 637 2296 subjicit.

188 2323 366 2376 Quando
395 2336 480 2365 non
509 2322 737 2365 confitetur
763 2322 857 2377 quis
887 2322 997 2376 quod
1031 2322 1162 2364 Deum
1192 2321 1387 2377 genuerit
1415 2322 1559 2373 Maria,

127 2410 340 2467 quomodo
369 2408 461 2465 ejus
494 2408 777 2464 virginitatem
812 2406 1013 2450 illibatam
1044 2405 1327 2461 permansisse
1358 2406 1558 2449 confitea-

131 2496 228 2536 tur‘?
260 2492 303 2536 Si
334 2499 474 2535 autem
509 2491 644 2535 credit
678 2491 906 2534 Dominum
949 2502 1074 2546 quem
1115 2489 1261 2546 genuit
1297 2490 1437 2532 Maria
1467 2503 1560 2533 esse

129 2578 419 2635 Unigenitum,
445 2589 707 2632 nequaquam
733 2575 940 2619 dubitabit
970 2582 1259 2618 conservatam
1288 2574 1415 2617 fuisse
1437 2574 1559 2630 virgi-

129 2660 273 2705 nitatis
296 2659 387 2717 ejus
418 2659 695 2716 signaculum.
