1931 3239
0 3109 2 3124 l

0 3125 1 3146 l

585 187 719 214 JACOBI
746 187 886 214 SARUG.
916 188 1021 215 VITA.
1480 184 1523 218 31>

95 276 310 331 possident
344 284 386 318 ut
418 288 470 319 ne
491 276 712 332 diripiatur
738 292 758 320 a
787 278 1042 330 latronibus,
1066 282 1125 322 ica
1150 279 1229 335 ipsi
1252 280 1523 338 invigilabant

94 365 133 399 et
182 358 339 400 donum
397 358 506 400 bunc
561 371 582 400 a
632 359 718 401 Deo
767 359 1036 403 benedictum
1094 374 1177 404 non
1248 363 1526 418 neglexerunt

95 451 278 494 unquam
309 451 432 481 senes
467 438 534 481 isti
570 440 794 483 benedicti.
823 441 903 484 Sed
941 449 1086 484 contra
1112 443 1400 499 eleemosynas
1433 445 1523 501 plu-

95 521 221 564 rimas
250 521 472 577 egentibus
507 521 750 565 tribuebant
775 530 944 578 propter
979 536 1156 579 puerum
1177 556 1186 575 ‚
1210 532 1254 566 ut
1278 533 1390 568 recte
1414 527 1523 570 vive-

95 610 155 646 ret
190 616 329 647 coram
372 603 472 646 Deo.

156 891 375 946 [Cumque
421 891 590 933 tertium
644 904 800 934 annum
846 904 949 948 puer
1007 892 1240 948 attigisset,
1305 902 1439 938 mater
1480 896 1521 938 in

97 973 202 1016 festo
255 974 529 1030 apparitionis
584 974 797 1031 Unigeniti
854 975 895 1016 in
945 974 1203 1025 Ecclesiam,
1244 988 1327 1031 quo
1374 978 1525 1033 ingens

97 1057 218 1099 turba
249 1055 534 1106 confluxerat,
554 1068 649 1099 eum
680 1056 845 1098 detulit.
871 1056 1030 1099 Aderat
1050 1057 1274 1113 episcopus
1294 1057 1335 1100 in
1367 1058 1518 1103 intimo

89 1146 233 1182 sancto
261 1146 504 1181 sanctorum
524 1172 533 1188 ‚
561 1146 603 1181 et
624 1152 766 1181 coram
792 1152 960 1189 mensa,
987 1139 1056 1181 ubi
1092 1139 1202 1182 filius
1230 1140 1304 1183 Dei
1330 1141 1522 1185 immola-

91 1231 183 1275 tur,
214 1223 467 1274 inclinatus,
494 1223 627 1266 Deum
655 1236 748 1266 cum
773 1222 933 1280 gemitu
963 1230 1005 1265 et
1028 1222 1221 1280 lacrymis
1254 1225 1518 1279 precabatur,

90 1313 134 1349 ut
162 1305 376 1349 adveniret
402 1306 584 1362 Spiritus
612 1313 784 1349 sanctus
802 1338 812 1356 ‚
843 1315 884 1349 et
911 1305 1116 1349 oblationi
1150 1306 1327 1349 illabens
1346 1339 1356 1357 ,
1385 1320 1522 1351 sacra-

90 1395 280 1432 mentum
297 1422 307 1440 ,
330 1389 442 1445 quod
475 1389 824 1445 participantibus
849 1389 1012 1432 veniam
1044 1397 1312 1445 peccatorum
1334 1391 1524 1440 confert,

91 1471 308 1526 perficeret
326 1472 369 1525 ],
402 1478 444 1513 et
478 1471 652 1526 posthac
675 1471 702 1512 ii
730 1470 801 1526 qui
829 1483 903 1526 per
933 1470 1190 1525 baptismum
1228 1478 1372 1515 sancte
1398 1485 1524 1529 gene-

92 1556 169 1598 rati
199 1563 297 1599 sunt
328 1555 502 1599 heredes
531 1559 668 1610 fierent
702 1569 797 1599 cum
832 1555 988 1598 sanctis
1028 1555 1069 1597 in
1107 1567 1235 1611 regno
1269 1556 1444 1599 coelesti.

152 1916 281 1971 [Turn
332 1930 435 1973 puer
482 1917 619 1960 divina
672 1918 835 1960 excitus
886 1918 1017 1974 gratia
1072 1925 1111 1960 et
1161 1931 1183 1960 e
1237 1917 1331 1960 sinu
1381 1917 1528 1960 matris

93 1997 280 2055 dilapsus
297 2031 306 2049 ‚
340 2012 413 2056 per
438 2001 672 2043 consertam
697 2001 1013 2043 multitudinem
1041 2001 1082 2042 in
1109 2000 1306 2042 intimum
1332 2009 1526 2042 sanctum

93 2090 336 2126 sanctorum
364 2083 458 2127 laeto
484 2084 689 2139 hilarique
715 2097 788 2127 ore
817 2084 1022 2140 prorupit,
1050 2083 1214 2145 cunctis
1242 2083 1526 2139 stupentibus.

95 2164 189 2208 Mox
222 2166 427 2209 accedens
450 2166 500 2209 ad
530 2179 719 2210 mensam
744 2166 854 2217 vitae,
882 2166 1084 2209 inclinato
1110 2173 1170 2210 ter
1189 2166 1325 2221 capite
1354 2165 1527 2214 adorat,

96 2248 210 2290 velut
247 2247 288 2290 in
329 2248 557 2305 mysteri03
585 2256 626 2291 et
665 2261 762 2292 vero
793 2247 1151 2305 quemadmodum
1182 2247 1215 2289 si
1250 2246 1344 2302 quis
1371 2259 1501 2302 aquas
1520 2278 1530 2297 ,

97 2344 200 2386 quas
243 2333 436 2383 sitierat,
484 2333 775 2384 nanciscatur,
826 2333 1041 2389 ingentem
1090 2330 1273 2386 concipit
1316 2330 1531 2379 laetitiam,

147 2563 175 2585 v.
200 2554 254 2586 95.
283 2555 357 2586 Post
397 2548 487 2597 lcff..
524 2555 734 2595 subintelligi
762 2554 862 2587 debet
894 2556 926 2585 in
960 2558 1052 2586 textu
1092 2539 1202 2601 <aei
1237 2554 1294 2583 aut
1319 2550 1398 2582 huic
1422 2549 1532 2581 simile

102 2613 256 2646 verbum.
