1931 3239
340 182 404 217 200
899 193 1033 219 JACOBI
1060 193 1201 220 SARUG.

391 283 480 319 Cum
511 292 596 317 vcro
616 282 733 329 elogia
762 288 894 318 cuncta
914 283 1026 318 veluti
1048 284 1234 328 exhausit,
1256 285 1389 321 iterum
1409 297 1489 322 sese
1508 287 1648 323 haerere
1673 289 1769 324 affir-

342 360 440 396 mat,
462 352 631 387 nesciens
658 362 817 397 quonam
838 353 874 387 in
895 353 1010 399 gradu
1030 353 1221 399 Deiparam
1243 356 1424 399 collocet;
1451 357 1547 392 sitne
1564 357 1770 404 virginibus

341 423 640 463 annumeranda,
663 423 719 457 vel
740 423 968 458 accensenda
994 423 1198 459 matribus?
1224 425 1386 470 lmpellit
1415 436 1516 462 amor
1542 427 1587 462 ad
1616 428 1770 473 loquen-

340 493 440 535 dum,
459 499 495 528 at
515 503 660 538 aequum
682 493 854 538 loquendi
875 493 1022 529 modum
1044 504 1114 529 non
1137 495 1317 540 permittit
1335 498 1542 544 argumenti
1561 498 1770 535 sublimitas

339 563 421 610 (vv.
441 562 588 609 59-90).

388 633 519 678 Stupet
545 640 666 668 autern
696 632 874 680 virginem
897 633 1108 669 terricolain
1136 635 1181 669 ad
1202 641 1344 670 tantum
1364 636 1594 671 excellentiae
1613 637 1769 683 gradum

339 704 548 751 pertingere
577 704 739 749 potuisse
772 715 779 739 ε
811 717 827 736 a
852 704 1058 750 numquid,
1090 705 1165 747 ait,
1197 705 1310 752 gratia
1346 705 1540 741 inclinavit
1570 706 1687 743 filium
1723 707 1768 742 ad

339 788 357 808 «
388 776 505 820 ipsam
522 802 530 816 ‚
551 784 597 809 an
616 785 702 810 vero
723 775 800 820 ipsa
819 781 956 810 tantam
977 774 1153 810 inclaruit
1172 781 1211 810 ut
1236 775 1340 812 fieret
1365 783 1482 812 mater
1504 777 1586 812 Filii
1615 779 1770 814 sanctis-

339 858 356 877 «
387 843 497 880 simi?
514 857 532 877 »
559 844 654 880 Sane
673 844 899 886 humilitate,
921 845 1221 887 mansuetudine,
1244 847 1403 890 puritate
1428 846 1667 893 singulariter
1690 847 1770 882 eni-

338 916 433 959 tuit;
464 916 533 951 hoc
560 915 658 950 enim
686 925 728 950 eo
755 915 942 961 colligitur
969 915 1066 960 quod
1095 915 1191 950 Deus
1214 915 1259 950 ad
1278 925 1358 951 eam
1385 921 1575 961 tantopere
1594 916 1769 953 accedere

338 988 476 1030 voluit,
501 994 539 1023 ut
559 988 594 1022 in
617 994 769 1022 matrem
791 987 907 1032 ipsam
927 988 1080 1034 elegerit
1101 988 1181 1034 (vv.
1200 987 1337 1023 90-116
1352 988 1375 1034 ).

388 1061 497 1095 Nulla
526 1060 598 1094 alla
627 1059 760 1094 mulier
788 1059 909 1094 Mariae
938 1061 993 1094 vel
1022 1060 1229 1104 comparari
1254 1066 1396 1105 potest,
1417 1072 1499 1106 quae
1527 1063 1572 1097 ab
1600 1062 1677 1108 ipsa
1704 1073 1769 1098 sua

340 1130 494 1165 infantia
528 1129 564 1164 in
592 1128 736 1174 justitia
768 1128 847 1163 sine
881 1128 963 1164 labe
990 1130 1250 1174 perseveravit.
1272 1130 1385 1166 Maria
1415 1131 1497 1167 ideo
1526 1143 1600 1177 prae
1620 1132 1704 1168 aliis
1732 1132 1769 1167 in

339 1209 493 1236 matrem
518 1201 601 1235 Filii
631 1201 693 1236 Dei
713 1201 828 1235 electa
849 1200 937 1243 fuit,
959 1201 1054 1246 quod
1077 1202 1178 1236 nulla
1198 1202 1269 1236 alia
1289 1208 1389 1238 tanta
1412 1203 1569 1247 puritate
1588 1203 1769 1239 effulserit

341 1282 525 1318 unquam;
557 1272 653 1307 Deus
671 1271 769 1307 enim
791 1281 863 1307 non
884 1278 940 1307 est
958 1279 1130 1318 acceptor
1152 1282 1416 1317 personarum,
1438 1280 1473 1309 et
1494 1274 1524 1308 si
1549 1274 1622 1309 alia
1643 1274 1769 1320 purior

339 1349 482 1388 reperta
512 1342 641 1377 suisset
669 1348 704 1376 et
731 1342 919 1382 sanctior,
946 1342 1041 1377 hanc
1068 1342 1190 1386 potius
1217 1342 1400 1388 elegisset.
1432 1342 1628 1386 Ceterum,
1657 1344 1769 1379 Maria

339 1414 496 1449 maxime
515 1412 699 1448 laudanda
731 1417 810 1454 est,
836 1412 921 1457 quia
950 1412 1120 1447 libertate
1146 1422 1210 1447 sua
1238 1413 1376 1457 optime
1402 1413 1449 1448 sit
1468 1423 1531 1448 usa
1548 1441 1557 1454 ‚
1576 1420 1611 1449 et
1630 1414 1679 1448 ita
1699 1413 1769 1449 sibi

339 1484 553 1519 meritorum
576 1484 791 1518 thesaurum
813 1483 1106 1528 comparaverit;
1132 1488 1231 1518 tanta
1252 1494 1383 1529 nempe
1407 1483 1584 1519 virtutum
1604 1484 1768 1531 omnige-

339 1565 470 1590 narum
503 1559 719 1589 ornamento
747 1553 878 1588 decora
910 1553 980 1588 fuit
1006 1559 1180 1598 quantam
1217 1559 1347 1588 natura
1378 1554 1582 1600 permittit,
1614 1554 1770 1600 ideoque

338 1638 414 1672 prae
443 1626 577 1662 ceteris
599 1626 670 1661 Deo
691 1624 853 1670 placuit;
883 1635 922 1659 ea
944 1635 1029 1660 vero
1058 1625 1175 1660 virtus
1195 1625 1300 1660 bonae
1323 1625 1439 1670 ipsius
1466 1625 1667 1661 voluntatis
1694 1626 1770 1662 dis-

340 1695 512 1742 positioni
535 1696 643 1730 ctiam
665 1694 798 1739 partim
820 1701 874 1730 est
893 1695 1137 1730 adscribenda
1157 1694 1239 1740 (vv.
1264 1695 1416 1731 217-201
1437 1695 1465 1741 ).

387 1768 556 1803 Attamen
573 1794 581 1808 ‚
603 1776 674 1802 non
691 1773 746 1801 est
760 1767 840 1811 eJus
860 1766 989 1801 merito
1007 1767 1240 1802 tribuendum
1261 1767 1356 1812 quod
1375 1767 1502 1802 effecta
1524 1767 1635 1802 fuerit
1653 1774 1768 1802 mater

338 1838 425 1880 Dei;
447 1838 482 1872 id
498 1837 595 1872 enini
617 1836 805 1871 dilectioni
827 1836 960 1871 (livinae
977 1835 1110 1872 Christi
1132 1847 1173 1871 ex
1194 1837 1271 1883 ipsa
1293 1838 1473 1873 incarnati
1503 1844 1695 1883 acceptum
1716 1844 1770 1873 est

337 1909 573 1945 referendum
597 1908 679 1954 (vv,
699 1907 862 1943 “zoa-206
878 1907 900 1953 ).

386 1980 503 2015 Filius
523 1980 554 2014 is
573 1984 627 2014 est
643 1989 752 2023 quem
772 1988 899 2013 omnes
920 1978 1047 2013 mundi
1067 1988 1199 2023 capere
1216 1985 1426 2024 nequeunt,
1449 1979 1560 2013 Maria
1582 1978 1665 2014 talis
1686 1985 1765 2022 est,

337 2061 407 2097 qua
438 2050 474 2085 in
508 2050 644 2084 mundo
672 2049 787 2094 major
816 2059 887 2084 non
918 2049 1119 2084 surrexerit
1151 2060 1324 2095 unquam.
1354 2049 1551 2085 Purificata
1580 2049 1647 2085 fuit
1673 2050 1770 2085 sicut

336 2123 535 2161 Johannes,
553 2121 710 2161 misens,
731 2120 827 2155 Elias
842 2127 877 2155 et
892 2120 1181 2163 Melcliiseclecli;
1198 2133 1215 2153 «
1234 2121 1278 2155 ad
1300 2122 1498 2156 terminum
1521 2132 1637 2167 usque
1652 2122 1769 2156 virtu-

339 2208 357 2227 «
388 2201 464 2228 tum
486 2193 652 2238 profecit,
672 2199 708 2228 et
728 2198 816 2227 tunc
837 2192 1016 2227 habitavit
1034 2192 1070 2226 in
1087 2202 1128 2226 ea
1147 2193 1263 2237 gratia
1280 2192 1420 2227 infinita
1440 2205 1457 2226 »
1476 2191 1551 2238 (vv.
1572 2192 1768 2238 207-222).

389 2265 514 2309 ltaque
531 2264 688 2298 mittitur
699 2262 857 2303 Gabriel,
876 2268 912 2297 et
926 2263 962 2297 in
977 2263 1056 2307 ejus
1072 2273 1156 2298 cum
1169 2263 1280 2298 Maria
1295 2263 1481 2308 colloquio
1496 2262 1768 2308 sapientissime

338 2345 377 2370 se
403 2334 498 2380 gerit
527 2334 629 2381 virgo
658 2333 876 2368 castissima.

389 2404 527 2439 Deinde
553 2404 712 2440 ,lacobus
740 2403 945 2450 magnificis
971 2404 1091 2439 verbis
1119 2405 1333 2451 mysterium
1366 2404 1678 2440 reconciliationis
1703 2403 1768 2453 ad-

339 2475 493 2510 miratur
511 2502 520 2517 ,
548 2475 644 2520 quod
680 2482 769 2510 tunc
797 2475 832 2509 in
863 2475 970 2511 domo
996 2476 1240 2510 nazaretliana
1270 2475 1471 2521 incoeptum
1507 2482 1587 2518 est,
1616 2474 1770 2520 fuseque

339 2546 575 2592 prosequitur
608 2547 643 2580 in
672 2546 842 2582 Gabriele
868 2547 1015 2592 quidem
1045 2540 1240 2581 ἀντίτυπον
1270 2548 1472 2592 serpentis,
1497 2547 1531 2582 in
1552 2547 1664 2582 illaria
1683 2555 1769 2582 vero

337 2615 533 2655 ἀντίτυπον
562 2620 684 2655 Hevae.
