1931 3239
515 145 649 170 ‚neom
676 144 817 171 saeue.
846 143 1117 170 OR'rHoDOXIA.
1477 136 1534 170 137

104 244 426 294 traducebatur,
462 257 600 300 operae
637 245 817 300 pretium
857 252 921 288 est
950 252 996 287 ut
1043 244 1154 287 illius
1193 244 1402 287 sententia
1440 258 1536 287 exa-

103 316 207 358 mini
237 316 484 372 subjiciatur
512 325 553 359 et
580 317 744 359 idoneis
772 317 1033 372 argumentis
1066 317 1309 359 destruatur
1339 332 1348 358 ε
1381 317 1422 358 in
1452 330 1535 372 quo

105 388 342 443 praestando
373 390 652 430 Assemanum
679 401 789 444 saepe
821 388 969 430 ducem
995 401 1245 444 sequemur,
1277 402 1360 430 non
1396 397 1534 431 tamen

105 460 253 502 eodem
283 459 459 510 ordine,
498 473 635 515 neque
669 460 770 502 solis
803 473 896 515 quae
934 461 1022 516 ipse
1067 460 1242 515 protulit
1278 460 1536 516 argumentis

106 542 192 571 rem
224 530 528 572 conficiendam
570 531 773 573 arbitrati.

166 601 458 644 Renaudotius
485 603 738 645 sententiam
771 615 888 644 suam
915 602 966 644 de
988 603 1145 645 Jacobo
1171 603 1397 658 Sarugensi
1423 604 1535 646 hisce

105 672 243 715 verbis
272 673 470 728 proponit
511 673 555 729 (1)
597 688 605 715 :
647 690 665 713 c<
689 674 765 715 fuit
799 681 940 716 autem
978 673 1072 724 ille,
1116 681 1161 716 ut
1197 674 1412 716 christiani
1454 683 1536 717 tam

109 760 127 784 «
167 744 390 787 orthodoxi
423 758 548 800 quam
578 744 809 788 nestoriani
839 752 1070 795 testantur,
1102 745 1245 788 Severi
1278 746 1535 789 Antiocheni

110 832 128 856 (1
169 816 399 872 discipulus
418 825 460 859 et
490 818 699 860 maximus
725 816 960 873 jacobiticae
989 817 1085 860 fidei
1110 826 1421 874 propugnator,
1441 831 1537 861 cum

112 905 129 927 «
168 888 273 931 alter
304 889 346 930 in
381 889 506 932 exilio
548 890 694 946 pulsus
738 890 866 941 foret3
903 902 1277 944 successoremque
1309 890 1351 932 in
1390 890 1537 932 eadem

113 976 132 999 «
169 973 290 1003 causa
315 961 561 1004 sustinenda
582 962 726 1004 habuit
745 962 947 1005 ,Iacobum
968 961 1094 1003 alium
1111 962 1365 1004 Baradatum
1383 994 1392 1012 ‚
1413 976 1432 1004 a
1455 975 1538 1017 quo

110 1048 127 1070 «
165 1032 374 1076 Jacobitas
416 1033 656 1076 nominatos
688 1033 816 1076 fuisse
846 1032 1097 1088 Nicepliori,
1131 1032 1323 1089 Eutychii
1354 1033 1538 1076 Alexan-

111 1122 127 1143 «
164 1105 277 1147 drini
325 1112 366 1147 et
405 1105 583 1148 aliorum
626 1106 855 1148 multorum
905 1105 1048 1161 opinio
1097 1106 1186 1147 fuit.
1237 1105 1342 1148 Cum
1397 1113 1537 1149 autem

111 1194 128 1215 (ι
167 1177 349 1220 Jacobus
385 1177 667 1220 Botuanensis
706 1177 835 1219 multa
883 1177 1124 1233 scripserit,
1155 1190 1239 1221 non
1274 1177 1400 1220 modo
1429 1179 1540 1221 inter

112 1264 131 1287 (1
171 1249 356 1292 ecclesiae
386 1248 622 1304 jacobiticae
665 1249 861 1291 doctores
905 1256 1150 1291 numeratur
1181 1249 1221 1290 in
1251 1250 1426 1308 ὁμολογίᾳ
1454 1249 1540 1291 sive

112 1336 129 1358 «
171 1320 438 1363 confessione
466 1320 561 1363 fidei
589 1332 681 1376 quae
713 1321 764 1363 ab
795 1321 1040 1363 ordinandis
1067 1320 1271 1377 exigitur,
1303 1321 1376 1362 sed
1409 1321 1539 1363 multa

113 1410 129 1431 «
170 1391 259 1446 ejus
304 1392 543 1434 testimonia
589 1399 817 1434 occurrunt
854 1392 895 1433 in
932 1400 1109 1434 tractatu
1146 1394 1193 1433 de
1235 1394 1311 1445 fide
1353 1400 1538 1445 patrum.

113 1480 130 1503 «
167 1463 363 1506 Historiae
396 1463 648 1506 nestorianae
675 1464 904 1519 scriptores
935 1463 1133 1512 tradunt,
1162 1464 1366 1506 jaeobum
1403 1477 1539 1519 aequa-

113 1553 131 1575 «
171 1535 252 1578 lem
280 1534 407 1576 fuisse
435 1534 612 1584 Acacio,
644 1547 767 1589 quem
815 1534 1062 1590 vigesimum
1102 1534 1337 1576 secundum
1367 1535 1540 1577 catholi-

112 1622 130 1643 «
169 1618 314 1648 corum
364 1605 409 1661 (a)
465 1618 638 1647 suorum
700 1614 923 1648 numerant
943 1638 952 1655 ‚
1002 1605 1135 1647 literis
1187 1606 1317 1648 sacris
1369 1619 1539 1661 operam

113 1694 129 1715 «
169 1676 335 1719 dedisse
363 1676 402 1717 in
437 1677 575 1719 schola
606 1676 810 1720 edessena
842 1689 934 1732 quae
971 1676 1271 1720 florentissima
1306 1685 1407 1719 tunc
1439 1679 1540 1728 suit,

112 1765 129 1787 «
169 1755 211 1791 et
240 1748 361 1790 initio
400 1748 748 1791 Nestorianorum
794 1749 985 1804 opinioni
1023 1749 1263 1792 adhaesisse.
1309 1750 1539 1805 Postquam

113 1837 129 1858 a
168 1832 266 1862 vero
296 1820 564 1862 Anastasium
590 1820 888 1875 imperatorem
920 1820 1076 1863 Severo
1098 1821 1326 1876 plurimum
1352 1821 1540 1864 tribuere

113 1909 130 1931 (1
169 1899 212 1934 et
234 1891 276 1933 in
295 1890 385 1947 ejus
407 1891 660 1934 sententiam
687 1891 956 1935 consensisse
981 1892 1209 1940 intellexit,
1232 1893 1359 1935 unius
1379 1901 1540 1936 naturze

113 1980 132 2003 «
172 1963 296 2007 fidem
333 1963 570 2019 professum
603 1963 759 2014 fuisse,
792 1964 989 2020 illamque
1029 1965 1181 2008 acriter
1210 1965 1506 2008 defendisse.»

156 2091 198 2131 (1)
225 2088 385 2133 Lituryy.
410 2089 547 2121 oricntt.
576 2095 654 2122 tom.
686 2091 734 2128 ll,
764 2099 826 2131 pag
853 2090 930 2122 567.

156 2147 199 2187 (2)
223 2147 362 2179 Aeacius
380 2155 469 2179 anno
482 2148 550 2179 485
572 2148 604 2178 in
622 2147 750 2188 synodo
766 2148 968 2179 seleuciensi
982 2148 1157 2179 ordinatus
1170 2153 1220 2179 est
1234 2148 1396 2179 Seleuciae
1411 2152 1445 2179 et
1463 2149 1541 2181 Cte-
1603 2148 1605 2150 ’

110 2205 277 2246 siphontis
295 2205 582 2247 archiepiscopus.
600 2223 642 2228 —
657 2206 754 2238 Juxta
782 2207 980 2247 Procopium
993 2231 1002 2245 ‚
1033 2217 1048 2237 (1
1069 2207 1331 2238 christianorum
1355 2206 1541 2240 antistitem

115 2274 133 2294 «
157 2271 266 2304 graeco
285 2263 450 2295 vocabulo
467 2263 674 2295 catholicum
691 2264 819 2296 idcirco
836 2264 1013 2305 appellant
1030 2264 1120 2304 quod
1141 2272 1227 2295 unus
1246 2264 1410 2295 universae
1430 2265 1542 2304 praesit

112 2330 130 2351 «
157 2320 331 2360 regioni.»
355 2321 424 2351 Duo
448 2324 560 2352 autem
586 2322 629 2351 ab
653 2320 751 2352 initio
776 2320 871 2353 fuere
896 2321 959 2352 sub
984 2320 1172 2361 patriarcha
1198 2320 1400 2353 antiocheno
1426 2321 1542 2352 catho-

111 2377 187 2414 lici,
214 2377 343 2408 scilicet
359 2375 513 2408 Persidis
528 2379 759 2420 metropolita,
774 2380 830 2419 qui
855 2378 1055 2409 christianos
1079 2378 1112 2409 in
1131 2382 1200 2409 tota
1221 2378 1355 2410 Perside
1371 2382 1405 2410 et
1424 2387 1542 2418 magna

112 2433 204 2465 India
223 2438 394 2465 versantes
411 2435 552 2475 regebat.
567 2460 575 2473 ,
602 2440 636 2466 et
661 2433 819 2466 Seleuciae
835 2434 1112 2476 archiepiscopus
1127 2435 1184 2474 qui
1201 2435 1359 2476 Assyriis,
1379 2434 1544 2467 Chaldaeis

115 2496 148 2522 et
165 2490 332 2522 Arabibus
349 2492 552 2529 christianis,
574 2491 638 2522 suh
658 2493 832 2523 Persarum
849 2501 965 2533 regum
982 2491 1110 2522 ditione
1128 2491 1257 2531 positis,
1277 2496 1430 2531 praeerat.
1450 2492 1545 2523 Circa

115 2549 250 2581 concilii
275 2549 394 2580 nicaeni
422 2555 574 2590 tempora
599 2550 666 2581 duo
692 2550 755 2582 alia
782 2558 952 2582 emersere
975 2549 1157 2587 catholici,
1182 2547 1356 2580 Armenia:
1383 2549 1543 2580 nimirum

111 2612 145 2637 et
168 2605 297 2638 Ibcrioe.
322 2607 389 2638 Csr.
417 2607 449 2638 Β.
476 2608 512 2638 Ο.
540 2607 588 2641 lv,
618 2608 694 2639 616.

1328 2664 1362 2692 18
