1931 3239
616 147 751 174 JACOBI
777 147 918 174 SARUG.
947 148 1059 172 VITA.
1521 141 1561 172 4‘.)

124 240 204 298 ipsi
230 240 388 284 donum
420 238 681 296 apostolatus
712 240 789 283 fuit
826 252 1090 283 concessum.
1128 238 1227 282 Fuit
1257 238 1366 282 sicut
1401 239 1562 282 ,lohan-

125 337 201 367 nes
232 323 342 366 filius
379 323 565 372 tonitru,
597 322 753 377 quippe
786 322 856 377 qui
888 321 1151 378 evangelium
1186 321 1259 364 filii
1292 321 1369 364 Dei
1393 321 1561 377 publice

125 405 429 463 praedicaverit.
464 405 562 448 Fuit
603 404 753 447 similis
793 405 964 447 Thomae
993 404 1063 459 qui
1103 405 1234 447 filium
1266 405 1337 447 Dei
1367 410 1561 447 attrecta-

125 488 184 530 vit
215 499 291 530 nec
321 494 461 530 tamen
493 486 602 529 sicut
643 487 826 529 Thomas
864 486 1070 529 haesitavit
1102 485 1144 528 in
1186 485 1281 528 fi'de.
1325 486 1421 528 Fuit
1452 485 1560 528 sicut

125 569 364 620 «Iohannes,
395 568 555 611 domini
591 568 653 611 sui
684 568 893 624 baptista,
923 569 994 624 qui
1023 568 1159 611 tenuit
1188 568 1339 611 Filium
1362 600 1372 619 ‚
1403 567 1561 611 audivit

126 651 296 695 Patrem
328 658 370 694 et
396 650 500 693 vidit
520 650 739 706 Spiritum.
764 650 858 692 Fuit
884 649 1034 692 similis
1051 650 1180 693 Paulo
1198 650 1391 706 apostolo
1409 650 1560 699 electo,

109 732 197 792 ⁴qui
221 745 316 776 cum
353 733 552 776 omnibus
577 733 654 775 fuit
688 735 851 783 omnia,
886 739 931 774 ut
958 744 1107 776 omnes
1135 732 1423 783 lucrifaceret,
1453 732 1561 776 sicut

129 815 209 858 scri
217 823 334 872 ptum
367 823 445 860 est.

187 1125 283 1169 Fuit
318 1125 411 1168 fons
450 1124 722 1173 benedictus,
752 1124 878 1167 vitam
924 1124 1210 1180 profundens‚
1249 1137 1301 1168 ex
1332 1138 1415 1181 quo
1458 1125 1564 1168 bibit

127 1220 253 1252 omne
291 1207 491 1265 Syrorum
538 1219 686 1264 genus.
732 1206 903 1249 Exstitit
946 1206 1016 1249 ille
1053 1219 1198 1250 mensa
1237 1207 1360 1257 felix,
1399 1207 1563 1263 gaudiis

125 1289 329 1340 affluens,
357 1301 408 1332 ex
431 1287 551 1345 cujus
569 1288 758 1345 opsoniis
792 1289 827 1331 si
856 1288 951 1344 quis
991 1288 1306 1332 manducaverit
1343 1301 1430 1331 non
1468 1302 1563 1332 esu-

128 1371 206 1414 riet
233 1383 432 1426 unquam.

190 1515 328 1558 Labiis
362 1515 449 1558 suis
486 1515 644 1558 sanctis
678 1515 803 1558 verba
839 1515 1071 1572 spiritualia
1113 1522 1154 1559 et
1188 1515 1350 1559 cantica
1377 1514 1563 1572 jucunda

128 1598 300 1651 elicuit;
342 1598 458 1642 dedit
507 1599 544 1641 ei
587 1598 770 1654 Spiritus
815 1605 1013 1648 sanctus,
1056 1598 1129 1654 qui
1170 1598 1309 1654 ipsum
1354 1599 1563 1656 elegerat,

128 1689 173 1724 ut
218 1681 417 1738 mysteria
462 1687 503 1724 et
545 1680 686 1723 abdita
727 1680 1030 1736 scripturarum
1085 1681 1303 1724 revelaret.
1356 1682 1566 1738 Exposuit

128 1772 266 1808 autem
301 1771 384 1807 tam
414 1763 635 1819 antiquum
665 1777 790 1819 quam
836 1776 990 1806 novum
1033 1771 1348 1816 testamentum,
1390 1764 1566 1821 ejusque

128 1846 466 1903 expositionibus
520 1846 711 1889 omnium
764 1846 1021 1903 sapientium
1069 1847 1221 1890 animae
1284 1847 1563 1891 illustrantur.

130 1931 312 1987 Fuitque
364 1930 493 1974 veluti
545 1930 714 1987 sapiens
770 1931 930 1987 peritus
981 1932 1023 1974 in
1072 1931 1249 1975 scientia
1295 1932 1368 1989 qui
1411 1932 1565 1976 doctri-

131 2025 225 2056 nam
258 2005 374 2055 suam
405 2011 595 2055 exhibuit
628 2019 726 2068 apto
754 2011 903 2055 ordine
936 2012 1197 2068 dispositam.

178 2185 205 2207 v.
237 2175 315 2208 ⁹251.
348 2175 468 2208 Vocem
497 2169 612 2230 m&
648 2175 782 2209 restitui
820 2185 860 2209 ex
899 2176 1005 2218 prima
1034 2182 1069 2210 et
1098 2176 1216 2209 ultima
1249 2176 1392 2215 litteris,
1426 2177 1459 2208 in
1492 2177 1565 2210 cod.

131 2233 399 2266 remanentibus.

177 2300 205 2322 V·
232 2290 311 2323 253.
337 2290 404 2322 Csr.
430 2291 504 2322 JOh.
532 2291 592 2330 Vl,
620 2290 665 2323 55
685 2291 763 2323 coll.
789 2291 849 2327 IV,
879 2292 932 2322 15.

177 2374 205 2396 v.
230 2364 307 2397 255.
346 2356 486 2402 1Δ1-’ὶ-1σι
524 2372 564 2396 ex
589 2363 700 2396 tribus
722 2364 787 2396 litt.
811 2364 953 2404 conjeci.

177 2448 208 2470 v.
235 2439 311 2471 257.
340 2439 409 2470 Vox
441 2430 631 2492 let-2253
657 2437 769 2470 dubiae
796 2438 954 2470 lectionis
982 2437 1159 2470 videbatur
1184 2437 1218 2468 in
1245 2437 1321 2470 cod.

180 2520 208 2543 v.
237 2510 316 2543 240.
349 2504 518 2555 lssssf-ol-ss
555 2512 768 2552 conjiciendo
806 2512 922 2554 posui,
949 2512 993 2543 ob
1028 2521 1055 2542 v.
1087 2511 1177 2551 5803
1201 2510 1323 2543 ductus
1348 2511 1380 2543 in
1408 2511 1567 2545 hocloco

131 2583 333 2617 videbantur
358 2578 510 2622 1-1.....-’·;

1367 2672 1384 2699 ’ἵ
