1931 3239
596 158 731 186 JACOBI
756 158 897 187 SARUG.
925 159 1030 184 VITA.
1494 154 1509 184 4
1520 155 1527 183 Ι,

100 252 280 295 Jacobus
310 250 558 300 effutiisset‚
590 263 673 293 non
711 251 836 293 modo
873 250 962 307 ejus
992 250 1184 307 dogmata
1216 251 1528 306 proscriberen-

101 342 171 377 tur
190 366 199 384 ‚
228 333 300 376 sed
339 340 379 375 et
406 332 519 388 ipse,
549 332 712 374 sublata
741 345 991 387 quacunque
1016 332 1066 374 de
1088 332 1212 375 rebus
1235 332 1529 375 ecclesiasticis

102 415 314 459 scribendi
345 413 566 463 facultate,
594 421 897 470 segregaretur.
926 414 982 456 At
1014 413 1196 469 Spiritus
1225 421 1421 464 sanctus,
1457 416 1528 470 qui

100 499 302 543 jacobum
342 498 391 540 ad
429 496 615 540 doctoris
643 496 826 539 officium
859 496 1090 552 selegerat,
1120 497 1399 540 orthodoxam
1429 497 1525 541 fidei

98 580 283 637 regulam
335 578 530 622 eumdem
575 578 876 633 praedocuerat.
919 577 1203 629 Quamobrem
1249 579 1328 621 etsi
1388 579 1429 621 in
1482 592 1528 622 ea

97 662 281 705 virorum
321 673 476 704 corona
518 673 592 715 pro
635 673 709 702 sua
753 660 957 703 modestia
993 661 1169 703 omnino
1204 668 1342 704 tacere
1384 661 1527 704 decre-

95 745 250 795 visset,
273 744 568 800 episcoporum
604 750 743 785 tamen
766 743 1043 794 auctoritate,
1069 743 1298 800 populique
1329 745 1526 799 frequen-

96 826 277 876 tissimi,
314 825 385 882 qui
415 826 458 867 in
486 824 644 880 templo
674 825 817 867 Batnae
851 824 985 881 Sarug
1015 833 1298 874 convenerat,
1333 826 1529 882 precibus

94 907 364 965 compulsus,
400 907 557 950 veritus
588 913 787 963 praeterea
819 906 1059 950 antistitum
1088 906 1244 962 justam
1274 908 1527 964 indignatio-

97 1005 217 1042 nem,
252 991 376 1034 dictis
408 990 744 1045 obsequuturum
773 1001 818 1032 se
850 990 1085 1046 respondit,
1118 989 1329 1032 sermonis
1360 996 1525 1033 tantum

96 1081 389 1132 argumentum
433 1074 484 1117 ab
524 1073 626 1129 ipsis
669 1079 824 1129 petere,

160 1511 381 1555 Prostabat
418 1509 468 1553 ad
509 1517 671 1565 portam
711 1508 818 1551 sacri
844 1508 985 1551 altaris
1020 1508 1157 1563 imago
1191 1520 1369 1557 currus,
1401 1520 1525 1562 quem

98 1592 331 1636 admirabili
370 1593 585 1648 prophetae
629 1590 819 1633 Ezechiel
863 1597 1053 1646 spectare
1098 1590 1199 1633 olim
1242 1590 1385 1632 datum
1434 1590 1538 1648 fuit.⁴

97 1675 158 1717 De
199 1675 305 1725 hoc,
352 1673 664 1729 responderunt
707 1671 921 1728 episcopi,
970 1671 1155 1714 tabulam
1210 1678 1526 1722 monstrantes,

97 1754 218 1798 nobis
251 1754 465 1804 edissere,
500 1753 533 1796 si
572 1753 680 1809 potis
724 1753 818 1807 es]
858 1752 984 1795 Stetit
1020 1752 1160 1807 itaque
1194 1765 1321 1808 super
1349 1751 1525 1809 gradum

96 1837 280 1895 suggesti
323 1839 410 1897 (τοῦ
444 1836 643 1897 βήματος)
676 1835 886 1887 ecclesiae,
915 1837 1065 1891 [atque
1096 1836 1163 1878 hic
1189 1843 1385 1892 percepta
1407 1837 1525 1879 Jaco-

96 1922 174 1964 bus
222 1921 273 1964 ab
324 1920 474 1964 ordine
517 1918 741 1962 benedicto
783 1918 1078 1975 episcoporum
1119 1919 1441 1969 benedictione,
1484 1927 1526 1962 et

97 2006 139 2047 in
180 2004 361 2047 mediam
399 1994 542 2060 populi
577 2003 825 2047 concionem
865 2016 1138 2060 progressus,
1177 2003 1248 2059 qui
1288 2003 1524 2047 incredibili

95 2087 212 2130 illum
250 2086 448 2130 audiendi
477 2086 686 2130 desiderio
720 2087 967 2137 tenebatur,
997 2085 1124 2142 coepit
1160 2085 1339 2142 simplex
1369 2086 1439 2129 ille
1482 2086 1524 2128 in

93 2169 247 2212 virtute
286 2169 469 2226 Spiritus
517 2182 612 2213 cum
660 2182 811 2226 magna
856 2169 971 2212 vocis
1018 2169 1291 2212 contentione
1341 2168 1524 2212 dicere:

97 2267 116 2291 <t
140 2251 385 2303 Altissime‚
418 2252 490 2308 qui
526 2251 786 2295 inscrutabili
830 2251 970 2294 currui
1012 2251 1198 2302 insides,
1238 2259 1443 2307 pangatur
1480 2252 1521 2294 in

91 2347 181 2386 me,
213 2348 388 2391 quaeso,
426 2348 566 2379 sermo
611 2335 815 2378 mirabilis
852 2335 903 2378 de
953 2333 1171 2390 majestate
1213 2341 1295 2377 tua.
1321 2335 1376 2389 »]
1418 2334 1522 2378 Cum

139 2525 190 2548 vv.
220 2517 285 2549 154
311 2521 346 2549 et
375 2517 452 2550 155.
480 2517 647 2550 vocabula
683 2517 778 2558 posui
808 2524 844 2548 ea
881 2525 955 2557 quae
981 2516 1012 2548 in
1038 2516 1111 2549 cod.
1147 2515 1212 2557 legi
1247 2520 1397 2557 possunt.
1425 2517 1525 2549 Porro

90 2582 184 2630 Zmil?
211 2590 258 2623 sic
281 2594 332 2623 est
353 2591 386 2622 in
410 2591 490 2623 cod.

1322 2661 1341 2690 6
