1931 3239
567 162 733 189 CARMEN
759 164 784 189 11
811 165 859 189 tir-2
887 165 919 189 Β.
948 165 983 189 v.
1011 165 1052 190 M.
1465 160 1529 193 :265

161 251 318 295 Cohibe
353 253 564 309 sapientes
600 255 652 297 ab
690 255 761 298 illo
805 264 925 299 utero
966 257 1272 313 investigabili,
1304 265 1349 300 ut
1381 272 1433 302 ne
1464 260 1532 303 de-

99 334 223 377 lirent
259 347 333 390 per
368 349 466 379 suas
502 338 784 382 scrutationes
820 340 862 381 in
899 339 989 395 ejus
1032 348 1215 396 partum.
1248 342 1392 397 Apage
1434 342 1532 385 doc·

97 423 211 458 tores
243 428 264 458 a
289 416 384 459 sinu
411 417 688 469 beatissimae,
714 433 767 463 ne
791 420 870 476 ipsi
895 421 1061 464 curiose
1087 422 1126 464 in
1152 434 1244 464 eam
1270 422 1532 478 inquirentes

96 510 190 540 cum
220 498 498 542 contentione
525 500 577 543 de
613 513 659 543 ea
694 501 935 557 loquantur.

157 580 402 625 Condemna
428 583 647 639 loquaces,
681 593 938 628 scrutatores
963 598 1060 628 vero
1100 585 1335 630 lucrifacias
1372 600 1529 643 eosque

95 663 244 706 sistere
289 665 414 708 facias
448 678 589 708 coram
624 666 875 709 Admirabili
911 681 1004 710 cum
1044 668 1205 724 ingenti
1235 669 1528 714 admiratione.

155 801 337 844 Fructus
393 815 519 858 quem
572 802 735 858 peperit
784 803 899 858 virgo
948 803 1069 859 plena
1117 804 1310 861 prodigio
1358 815 1530 849 vocatur

93 883 382 928 Admirabilis.
423 886 552 937 Veni,
595 900 620 930 o
661 886 853 943 sapiens,
894 886 1101 929 admirare
1152 888 1252 943 quin
1310 889 1530 945 inquiras;

91 965 290 1016 accedas,
320 979 344 1008 o
375 974 608 1017 scrutator,
637 975 678 1010 et
709 980 850 1010 sumas
882 968 957 1010 tibi
993 976 1208 1023 stuporem
1238 981 1260 1010 a
1292 969 1373 1012 filia
1408 970 1528 1013 Davi-

92 1046 181 1096 dis,
224 1059 361 1102 neque
399 1047 580 1103 amplius
615 1061 846 1104 praesumas
885 1047 984 1091 illud
1022 1048 1274 1105 investigare
1306 1050 1373 1092 cui
1407 1050 1528 1106 plane

89 1130 225 1186 impar
247 1142 306 1172 es.

153 1263 188 1306 Ο
229 1264 379 1307 doctor
420 1264 595 1322 loquax,
639 1266 801 1322 inspice
835 1279 924 1309 rem
959 1274 1128 1322 captum
1169 1273 1286 1308 tuum
1318 1267 1525 1311 exceden-

92 1353 201 1397 tem;
231 1346 448 1389 silentium
480 1347 555 1390 tibi
585 1348 802 1404 imponas,
840 1348 924 1390 noli
957 1355 995 1391 te
1025 1349 1325 1391 controversiis
1350 1351 1526 1406 agitare.

152 1428 188 1472 Ο
228 1429 449 1486 discipuli,
486 1442 629 1473 amore
666 1438 708 1473 et
754 1430 834 1473 fide
874 1430 1047 1486 repleti,
1085 1431 1202 1474 vobis
1238 1444 1316 1488 ego
1352 1432 1524 1487 loquor;

93 1512 328 1555 auscultate
352 1524 419 1555 me
443 1526 537 1555 cum
562 1513 838 1556 discretione!
862 1513 1001 1556 Mariae
1027 1513 1209 1569 dignitas
1227 1527 1248 1555 a
1265 1514 1526 1570 sapientibus

89 1596 244 1652 exponi
272 1596 433 1651 nequit,
463 1609 600 1652 neque
625 1598 815 1641 rhetores
846 1597 1116 1640 discursuum
1144 1610 1316 1640 suorum
1346 1598 1524 1641 artificio

87 1692 178 1723 eam
206 1680 345 1723 valent
372 1693 584 1723 enarrare.
615 1682 670 1723 At
697 1694 816 1724 amor
844 1680 967 1737 hujus
994 1681 1159 1724 laudem
1192 1681 1357 1723 edicere
1385 1688 1523 1736 potest

88 1774 183 1805 cum
215 1762 486 1818 simplicitate
518 1775 610 1818 qua:
641 1761 927 1805 controversia
957 1762 1080 1805 altior
1112 1769 1152 1805 et
1182 1762 1326 1818 purior
1352 1770 1430 1805 est.

148 2019 270 2062 Nunc
324 2018 451 2075 igitur
498 2031 641 2060 aurem
699 2017 962 2073 praebeamus
1016 2016 1147 2058 amori
1196 2017 1267 2071 qui
1322 2003 1433 2059 sese*
1469 2015 1518 2058 ad

86 2102 345 2157 loquendum
399 2100 603 2157 accingit,
651 2099 752 2155 quin
803 2100 970 2142 curiose
1018 2098 1219 2153 inquirat
1256 2098 1298 2140 in
1341 2105 1519 2141 matrem

86 2185 291 2243 virginem
328 2184 520 2241 prodigio
548 2183 766 2240 repletam,

148 2270 401 2314 Confutatur
430 2269 600 2312 Judaeus
630 2270 682 2311 ab
720 2268 823 2311 lsaia
861 2267 1024 2310 concivi
1055 2254 1156 2316 suo,
1189 2265 1285 2322 quia
1317 2265 1386 2309 ille
1417 2278 1520 2322 prae-

88 2353 242 2397 dicavit
271 2352 475 2408 virginem
511 2363 606 2394 esse
637 2351 728 2394 sine
767 2350 963 2407 conjugio
994 2349 1235 2406 parituram„⁷

87 2507 228 2548 perativi
254 2515 271 2538 a
297 2508 401 2540 verbo
425 2499 525 2560 &a
575 2498 667 2561 *Rei
712 2504 868 2548 expulit,
911 2503 1036 2545 ejecit?
1077 2503 1147 2542 Quo
1185 2510 1263 2535 casu
1301 2501 1518 2534 scribendum

87 2590 205 2625 fuisset
228 2574 343 2645 §.Zos-

1275 2668 1314 2695 54
