1931 3239
347 206 407 239 180
958 212 1085 238 CAPUT
1111 212 1148 237 11.

892 360 1154 397 AltTICtJLUS
1181 361 1220 395 V.

680 488 710 512 S.
740 486 854 512 neom
884 485 1053 511 DOCTRtNA
1082 487 1123 510 DE
1151 486 1261 510 BEATA
1289 484 1441 509 vmsstxss.

410 601 588 643 Exstant
616 600 657 642 in
696 600 912 642 codicibus
943 600 1157 642 Vaticanis
1199 599 1386 654 quinque
1424 599 1633 648 carmina,
1671 611 1773 653 quo-

348 686 438 714 rum
473 672 582 714 tituli
614 678 860 728 argumenta
886 671 1113 726 praeserunt
1135 671 1364 725 spectantia
1401 671 1449 711 ad
1488 670 1772 712 beatissimam

348 744 588 799 Virginem,
620 756 796 799 quaeque
824 742 1001 785 indicavi
1029 742 1223 796 superius
1243 775 1251 790 ,
1275 756 1366 798 pag.
1395 745 1494 785 107,
1518 742 1612 783 Tria
1636 749 1773 796 poste-

348 817 455 858 riora
484 816 644 870 integra
679 814 911 869 descripsi,
947 827 1127 869 quorum
1161 828 1273 856 nunc
1312 814 1394 856 duo
1430 815 1621 856 versione
1648 814 1772 856 latina

347 888 499 930 donata
519 886 673 943 publici
691 886 796 942 juris
817 885 966 928 efficio.
984 886 1170 928 Tertium
1187 893 1342 934 autem,
1362 898 1411 927 ex
1429 898 1512 939 quo
1534 885 1574 926 in
1596 885 1773 927 articulo

347 960 609 1016 praecedente
635 958 838 1001 nonnulla
861 966 1055 1013 excerpta
1081 958 1193 1000 suere
1219 957 1279 1013 (i),
1306 958 1345 999 in
1367 956 1617 1000 vindicando
1639 957 1775 999 lucar-

347 1031 530 1074 nationis
577 1030 775 1087 mysterio
815 1030 1013 1071 adversus
1050 1029 1303 1071 curiosiores
1352 1041 1490 1071 rerum
1540 1028 1774 1069 divinarum

346 1111 602 1146 scrutatores
651 1103 875 1145 maximam
913 1109 1072 1157 partem
1107 1102 1192 1144 fere
1229 1108 1484 1156 occupatum
1527 1100 1628 1142 nihil
1678 1112 1776 1142 vero

347 1175 504 1230 praebet
539 1175 591 1216 de
625 1174 743 1216 beata
780 1173 951 1228 Virgine
989 1173 1098 1228 quod
1135 1173 1177 1214 in
1212 1172 1377 1214 duobus
1411 1172 1503 1213 aliis
1541 1184 1624 1212 non
1661 1171 1777 1213 exbi-

346 1246 493 1287 beatur
525 1244 777 1286 distinctius.

407 1317 511 1369 Quae
541 1324 681 1358 autem
712 1316 766 1357 ibi
795 1315 927 1371 capita
956 1315 1162 1357 docentur
1191 1328 1210 1356 a
1243 1315 1423 1363 Jacobo,
1446 1326 1493 1356 ea
1528 1326 1609 1356 non
1632 1301 1778 1369 jejuno

348 1387 592 1436 ratiocini0‚
619 1387 691 1428 sed
725 1385 922 1428 dictionis
959 1386 1164 1442 elegantia
1196 1398 1279 1427 non
1316 1385 1516 1427 mediocri
1545 1392 1585 1427 et
1618 1385 1778 1440 fulgen-

350 1460 451 1501 tium
498 1459 725 1514 imaginum
765 1457 1042 1512 amplitudine
1079 1457 1226 1499 vestita
1274 1464 1598 1512 proponuntur,
1641 1468 1778 1509 neque

349 1531 444 1574 ideo
488 1531 605 1573 deest
655 1529 894 1572 uberrimus
954 1528 1157 1571 doctrinae
1217 1528 1463 1584 theologica}
1523 1528 1630 1570 fons.
1682 1527 1778 1569 Ete-

349 1603 435 1645 nim
470 1601 609 1645 omnia
648 1601 733 1643 sere
779 1612 871 1656 quae
915 1600 967 1642 de
1010 1600 1307 1656 augustissima
1345 1600 1419 1642 Dei
1459 1606 1592 1641 matre
1637 1599 1778 1641 catho-

348 1674 415 1716 lici
464 1675 610 1716 Patres
657 1672 855 1714 continua
893 1671 1130 1713 traditionis
1175 1678 1319 1713 catena
1372 1677 1674 1719 asseruerunt,
1711 1669 1779 1712 hic

350 1744 546 1800 replicata
598 1751 840 1786 occurrunt.
889 1743 1015 1784 Maria
1073 1743 1228 1797 quippe
1283 1742 1520 1784 celebratur
1573 1740 1778 1784 encomiis

351 1829 480 1871 prope
515 1816 716 1863 infinitis,
750 1815 859 1870 quod
896 1814 1074 1857 evaserit
1108 1822 1240 1856 mater
1268 1814 1369 1864 Dei,
1403 1813 1512 1869 quod
1546 1814 1660 1869 virgo
1690 1828 1780 1868 per-

348 1895 474 1943 petuo
507 1887 735 1936 manserit,
766 1894 892 1941 atque
926 1885 1028 1927 mira
1062 1892 1104 1927 et
1131 1898 1304 1939 prorsus
1328 1885 1527 1940 singulari
1556 1885 1779 1928 sanctitate

348 1966 389 2001 et
435 1957 642 2000 munditie
691 1957 999 2012 resplenduerit
1046 1956 1097 1997 ab
1145 1955 1266 1997 initio
1305 1956 1406 2011 quin
1459 1956 1540 1998 ulla
1593 1969 1778 2011 unquam

349 2030 480 2085 ipsam
506 2028 666 2071 macula
690 2027 1054 2070 contaminaverit.
1080 2027 1292 2077 Ceterum,
1312 2027 1429 2069 nullo
1453 2027 1647 2070 discursu
1671 2040 1779 2082 opus

348 2109 411 2143 est
451 2107 495 2141 ut
531 2113 582 2143 ex
620 2099 685 2142 his
726 2098 869 2142 Jacobi
902 2097 1078 2154 poeticis
1106 2099 1373 2141 sermonibus
1414 2106 1614 2149 eruatur,
1654 2111 1778 2154 quam

348 2171 540 2214 sublimis
566 2170 690 2213 suerit
721 2169 829 2225 apud
854 2169 993 2212 saeculi
1017 2170 1050 2210 V
1078 2169 1338 2212 Christianos
1360 2177 1592 2225 conceptus
1623 2177 1662 2211 et
1687 2182 1781 2211 sen-

348 2242 478 2285 tentia
522 2242 573 2284 de
609 2241 749 2284 Mariae
793 2240 996 2296 dignitate
1040 2248 1081 2283 et
1119 2241 1296 2291 merit03
1338 2240 1378 2283 id
1425 2240 1536 2282 enim
1583 2253 1633 2282 ex
1678 2240 1779 2295 ipsis

350 2314 485 2356 verbis
520 2314 612 2356 luce
644 2312 875 2356 meridiana
909 2311 1061 2354 clarius
1097 2320 1293 2367 apparet,
1332 2324 1470 2367 neque
1507 2312 1661 2353 minori
1695 2312 1779 2354 evi-

349 2386 490 2428 dentia
525 2385 622 2427 inde
653 2391 767 2441 patet
793 2383 1025 2426 Ecclesiam
1056 2383 1499 2426 romano-catholicam
1529 2383 1778 2425 venerandae

349 2457 611 2512 antiquitatis
666 2456 853 2513 vestigiis
897 2455 1089 2512 protinus
1142 2455 1367 2503 insistere,
1407 2455 1477 2497 ubi
1526 2454 1779 2498 beatissimae

338 2529 509 2584 ‘Virgini
549 2529 736 2579 cultum,
776 2530 1009 2578 honorem,
1049 2528 1277 2583 titulosque
1321 2527 1534 2583 dignitatis
1579 2533 1778 2581 praestan-

397 2655 439 2695 (l)
465 2656 595 2696 Supra,
623 2663 719 2696 pagg.
748 2654 832 2693 169,
862 2654 1025 2686 171-176.
1052 2653 1134 2686 ltem
1162 2662 1235 2694 pag.
1264 2653 1339 2684 125.
