1931 3239
324 199 388 234 326
960 209 1120 236 THESES.

999 319 1088 360 XX.

387 409 615 460 Doctrinae,
644 422 724 466 qua
745 409 939 453 Romano
969 411 1162 455 Pontifici
1188 411 1464 456 infallibilitas
1493 414 1754 468 vindicatur,

326 481 428 524 nihil
463 481 653 524 officiunt
686 493 779 536 quae
814 480 901 537 egit
930 482 1190 538 Zephyrinus
1230 483 1272 525 in
1303 497 1426 527 causa
1467 485 1754 529 Montanismi.

327 553 653 597 Criminationes
680 560 820 595 autem
849 553 1003 608 quibus
1032 554 1170 597 eidem
1202 556 1423 607 Pontifici,
1449 570 1496 600 ac
1523 558 1755 613 praesertim

324 625 416 681 ejus
445 625 680 668 successori
711 625 903 674 Callisto,
932 626 1246 670 Sabellianismi
1276 635 1420 671 notam
1447 629 1617 672 inurere
1647 642 1758 686 quae-

326 694 380 736 rit
417 702 564 736 auctor
603 707 839 750 anonymus
872 692 1226 753 Φιλσσοφουμενων,
1265 695 1486 739 calumniae
1526 704 1626 739 sunt
1663 709 1756 752 quae

326 777 423 808 cum
452 765 646 817 aliunde,
675 772 764 808 tum
799 778 850 809 ex
878 766 971 822 ipso
1004 766 1211 823 scriptore
1242 766 1361 810 facile
1393 774 1573 823 possunt
1606 766 1754 811 refelli.

987 888 1095 929 XXI.

387 978 498 1021 Deus
533 978 605 1034 qui
641 978 815 1022 rat10nis
855 978 1014 1022 lumine
1050 985 1210 1021 natura
1247 991 1357 1021 unus
1393 978 1658 1029 ostenditur,
1692 985 1758 1022 est

327 1064 377 1094 ex
406 1051 660 1094 revelatione
687 1051 825 1094 divina
853 1053 989 1094 trinus
1013 1053 1058 1093 in
1089 1053 1278 1105 personis
1311 1051 1620 1107 agnoscendus.
1651 1050 1758 1093 Nam

329 1139 348 1162 c(
388 1122 492 1166 fides
529 1123 734 1166 catholica
764 1124 852 1166 haec
881 1130 968 1174 est,
993 1130 1039 1165 ut
1073 1135 1204 1164 unum
1240 1123 1372 1165 Deum
1404 1123 1447 1165 in
1480 1122 1687 1165 Trinitate
1716 1129 1758 1165 et

330 1210 349 1233 (t
387 1194 638 1237 Trinitatem
674 1194 715 1236 in
754 1195 916 1237 unitate
956 1206 1230 1244 veneremur,
1275 1206 1414 1249 neque
1446 1193 1756 1236 confundentes

330 1282 349 1306 «
389 1279 618 1322 personas,
645 1279 783 1323 neque
815 1266 1095 1310 substantiam
1127 1274 1374 1322 separantes
1403 1266 1465 1322 (1).
1491 1281 1510 1304 ι)

997 1387 1127 1429 XXII.

390 1477 596 1522 Essentiae
643 1477 793 1520 unitati
835 1485 877 1520 et
925 1489 1200 1534 personarum
1248 1475 1511 1519 distinctioni
1562 1475 1759 1519 innititur

329 1549 490 1602 Patris,
523 1549 617 1593 Filii
643 1557 684 1592 et
719 1548 902 1605 Spiritus
935 1548 1070 1592 sancti
1098 1554 1243 1592 mutua
1276 1546 1546 1590 inexistentia
1573 1559 1648 1589 seu
1679 1547 1758 1590 cIr-

327 1620 608 1664 cuminsessio
625 1652 635 1671 ,
664 1633 788 1675 quam
820 1633 1078 1677 περιχωρησιν
1106 1628 1245 1677 patres
1273 1620 1397 1677 graeci
1423 1633 1573 1663 vocare
1603 1620 1757 1671 solent,

328 1705 506 1749 quaeque
525 1692 709 1736 dilucide
723 1692 927 1736 edocetur
945 1692 986 1734 in
1005 1693 1211 1750 evangelii
1231 1692 1274 1736 S.
1293 1692 1388 1736 Joh.
1406 1705 1498 1749 cap.
1517 1693 1611 1735 XIV
1627 1724 1638 1743 ‚
1657 1706 1695 1735 v.
1715 1695 1755 1735 7.

970 1809 1120 1850 XXIII.

388 1898 549 1941 Divinae
578 1897 798 1941 Trinitatis
840 1897 1085 1955 mysterium
1119 1896 1275 1952 duplici
1317 1903 1525 1953 conceptu
1563 1890 1755 1948 constat,

325 1978 414 2012 tum
449 1969 540 2025 ejus
581 1969 694 2025 quod
731 1983 859 2011 unum
894 1976 985 2019 est,
1022 1981 1248 2011 commune
1281 1975 1323 2010 et
1354 1968 1623 2019 absolutum,
1666 1976 1755 2011 tum

327 2041 418 2097 ejus
446 2041 557 2096 quod
585 2049 649 2084 est
675 2041 922 2083 distinctum
941 2072 950 2090 ‚
984 2039 1200 2096 proprium
1225 2046 1351 2094 atque
1384 2038 1618 2082 relativum.
1650 2039 1756 2082 Cum

326 2127 424 2158 vero
464 2112 579 2170 prior
609 2113 915 2169 complectatur
948 2111 1175 2155 essentiam
1203 2112 1290 2155 sive
1318 2119 1509 2154 naturam
1527 2143 1538 2160 ‚
1565 2107 1690 2150 οὐσίαν
1731 2104 1754 2158 ἢ

325 2186 432 2246 φύσιν
448 2219 460 2242 ,
484 2186 662 2229 alterum
690 2191 830 2226 autem
861 2195 1065 2239 personas
1081 2216 1091 2235 ‚
1120 2182 1344 2228 ὑποστάσεις
1362 2216 1371 2234 ,
1397 2183 1617 2239 respiciat,
1641 2191 1757 2239 patet

328 2259 413 2314 salli
454 2256 694 2301 incredulos
731 2255 801 2311 qui
832 2255 874 2296 in
913 2255 994 2297 hoc
1024 2255 1220 2311 dogmate
1257 2255 1636 2299 contradictionem
1671 2255 1754 2299 for-

328 2330 482 2375 malem
514 2327 698 2385 reperire
727 2326 807 2370 sibi
837 2325 1048 2369 videntur.

968 2442 1113 2483 XXIV.

388 2535 553 2578 Vanum
581 2540 646 2576 est
678 2532 844 2575 illorum
885 2530 1239 2574 rationalistarum
1290 2539 1575 2575 commentum
1605 2531 1675 2588 qui
1710 2532 1752 2574 in

376 2652 418 2694 (t)
445 2651 642 2693 Symbolum
672 2649 884 2693 Quicunque.
