1931 3239
365 182 387 216 2
952 189 1223 216 INTRODUGTIO

430 280 560 322 Porro
579 279 627 321 ad
654 279 880 333 scriptores
910 279 1023 334 ipsos
1043 286 1079 320 et
1104 278 1260 332 ingenii
1280 285 1553 319 monumenta
1572 276 1684 332 quod
1705 277 1798 318 atti-

370 358 456 402 net,
475 363 622 392 eorum
646 350 784 404 aliqua
805 350 856 392 ab
877 349 1076 399 Eusebio,
1104 350 1362 404 Hieronymo
1383 348 1427 403 (ι)
1452 356 1494 390 et
1515 348 1733 391 Gennadio
1756 348 1800 401 (2)

368 422 638 471 indicantum
675 421 784 476 apud
819 421 1079 464 recentiores
1115 429 1256 463 autem
1291 420 1492 462 nonnulla
1528 427 1802 462 recensentur

371 494 422 536 ab
447 494 686 536 Abrahamo
716 492 978 534 Ecchellensi
1010 491 1071 546 (5),
1098 492 1254 533 Fausto
1283 491 1467 533 Nairono
1489 490 1549 544 (4),
1579 489 1803 532 Guilielmo

371 563 477 606 Cave
507 562 574 619 (5),
606 562 872 605 Renaudotio
901 561 947 617 (6)
985 575 1031 603 ac
1061 561 1153 603 aliis
1189 561 1356 615 passim.
1387 562 1541 602 Verum
1575 560 1644 614 qui
1675 560 1726 602 (le
1752 560 1801 602 iis

369 634 486 689 plura
521 634 629 676 scire
660 633 800 687 cupiat
837 646 920 689 prae
949 633 1102 674 ceteris
1136 632 1367 686 ¹losephum
1404 631 1641 673 Simonium
1677 631 1801 674 Asse—

370 718 542 748 manum
574 704 732 753 adibit3
770 703 804 745 is
838 703 949 746 enim
977 704 1063 745 fere
1096 703 1236 745 omnia
1269 714 1362 756 quae
1388 709 1510 744 antea
1540 701 1580 742 in
1609 702 1800 756 Europa,

369 789 441 819 seu
486 777 625 831 potius
664 775 810 817 Romae
842 774 912 816 ubi
950 775 1010 815 hae
1046 774 1196 816 litterae
1228 782 1317 815 tum
1353 773 1534 816 maxime
1569 772 1799 822 florebant,

370 847 506 902 quoad
536 846 755 889 historiam
780 845 980 901 Syrorum
1015 845 1262 888 litterariam
1288 851 1454 900 peracta
1478 845 1665 892 fuerant,
1690 856 1802 886 com-

373 918 520 973 plexus
541 924 630 965 est,
662 917 812 958 ordine
842 916 1015 971 digessit
1045 929 1092 958 ac
1121 915 1246 957 veluti
1276 916 1367 957 fons
1390 915 1628 957 uberrimus
1651 926 1802 969 suppe-

371 989 518 1031 ditavit
539 989 581 1030 in
606 988 775 1044 egregio
808 1001 884 1030 suo
912 1000 1065 1043 opere,
1099 987 1210 1042 quod
1236 988 1483 1028 Bibliotheca
1510 987 1733 1027 orientalis
1757 985 1802 1040 (7)

371 1061 619 1104 inscribitur
648 1076 657 1103 :
683 1061 725 1102 in
752 1073 835 1116 quo
862 1073 943 1102 non
971 1059 1095 1101 morlo
1125 1072 1298 1101 suorum
1323 1058 1363 1100 in
1389 1059 1464 1100 hac
1490 1058 1679 1112 palaestra
1701 1069 1803 1112 prae-

373 1132 644 1174 decessorum
667 1131 832 1173 labores
857 1130 1020 1173 utiliter
1040 1129 1250 1179 adhibuit,
1283 1129 1355 1172 sed
1382 1129 1555 1183 insuper
1578 1127 1803 1169 maximam

372 1205 481 1261 apud
516 1205 706 1248 eruditos
731 1204 897 1246 laudem
929 1203 1162 1258 promeruit
1191 1215 1242 1245 ex
1269 1202 1320 1244 iis
1345 1213 1437 1256 quae
1471 1200 1640 1256 proprio
1672 1208 1804 1242 marte

374 1277 620 1333 praestitisse
653 1275 928 1331 comperitur.
968 1274 1174 1317 Nimirum
1205 1273 1419 1329 ingentem
1449 1272 1642 1314 codicum
1677 1272 1803 1314 farra-

371 1348 510 1404 ginem
549 1359 641 1403 quae
680 1347 722 1388 in
760 1346 1012 1388 bibliotheca
1051 1345 1250 1387 Vaticana
1287 1344 1609 1391 asservabatur,
1643 1350 1715 1384 aut
1751 1342 1802 1385 ab

374 1420 465 1474 ipso
495 1418 663 1474 auspice
696 1417 912 1461 Clemente
946 1418 1000 1459 Xl
1041 1416 1240 1472 pontifice
1271 1414 1454 1457 maximo
1487 1427 1536 1456 eo
1564 1414 1674 1456 illata
1705 1413 1803 1461 fuit,

375 1490 578 1546 praecipua
625 1490 803 1546 quadam
837 1488 1053 1545 diligentia
1096 1487 1315 1536 lustravit,
1360 1486 1561 1541 pervolvit
1604 1493 1645 1527 et
1684 1498 1805 1541 argu-

375 1570 614 1605 mentorum
647 1570 840 1605 accurata
886 1560 1153 1616 expositione
1191 1559 1231 1600 in
1266 1558 1477 1614 publicum
1515 1557 1803 1599 studiosorum

375 1646 494 1675 usum
526 1633 731 1688 aptiorem
766 1632 941 1687 praebuit
982 1639 1023 1673 et
1056 1630 1299 1673 faciliorem.
1334 1629 1607 1677 Recentiora,
1641 1640 1734 1682 quae
1763 1629 1804 1669 in

374 1706 453 1748 hoc
485 1717 638 1760 genere
671 1704 944 1759 prodierunt,
987 1703 1233 1758 plerumque
1270 1700 1361 1755 ejus
1393 1700 1533 1756 operis
1574 1709 1645 1741 aut
1683 1699 1805 1754 liujus

375 1776 505 1832 partis
524 1776 699 1831 alicujus
717 1789 799 1818 non
822 1776 899 1817 nisi
920 1774 1219 1830 compendium
1243 1773 1528 1821 constituunt,
1550 1785 1802 1827 quamquam

421 1902 464 1942 (ι)
491 1900 540 1933 Dc
555 1900 641 1932 viris
658 1901 783 1938 illust„
799 1901 887 1943 apud
917 1900 1044 1939 Migne,
1073 1898 1205 1930 Patrol.
1224 1899 1287 1929 lat.
1307 1902 1386 1929 tom.
1407 1897 1551 1933 xxxlll,
1575 1906 1606 1937 p.
1626 1896 1690 1928 607
1710 1905 1805 1937 seqq.

421 1957 463 1995 (ἢ)
491 1956 539 1988 De
553 1956 780 1999 scriptoribus
797 1958 924 1993 eccles„
940 1955 1030 1996 apud
1058 1955 1188 1995 Migne,
1219 1960 1297 1985 tom.
1326 1954 1445 1989 Lv111‚
1465 1963 1495 1994 p.
1526 1954 1610 1985 1053
1629 1962 1723 1993 seqq.

420 2015 461 2054 (3)
490 2012 677 2057 Gataloyns
715 2014 882 2045 librorum
915 2012 1172 2047 cllalcloeorum,
1213 2014 1351 2042 auctore
1387 2009 1589 2047 Hebediesu,
1631 2010 1808 2042 latinitate

374 2071 522 2102 (lunatas
550 2074 581 2102 et
610 2070 701 2102 notis
729 2070 928 2102 illustratas
958 2069 998 2100 ab
1031 2068 1229 2100 Abralzamo
1257 2066 1478 2098 Ecehellensi.
1503 2067 1617 2098 Romae
1647 2067 1748 2098 1655.

422 2130 464 2170 (4)
484 2127 692 2159 Dissertatio
703 2126 744 2158 cle
757 2127 905 2162 nomine,
919 2126 1054 2169 oriqine
1067 2125 1284 2167 acrrlae'yione
1298 2124 1564 2156 Maronitarum.
1581 2124 1692 2156 Romae
1708 2123 1806 2155 1679.

376 2187 457 2218 ltem
483 2184 628 2227 Evoplia
649 2183 733 2228 fidei
758 2183 935 2216 catholicae
962 2192 1125 2214 romanoe.
1149 2183 1261 2214 Romae
1292 2182 1389 2213 1694.

422 2241 464 2281 (5)
490 2242 662 2274 Guilielmi
688 2242 795 2277 Cave,
822 2241 877 2273 SS.
901 2241 960 2271 Tb.
989 2241 1038 2271 Pr.
1065 2240 1216 2271 canonici
1243 2239 1433 2270 Wiudesor.
1459 2235 1675 2278 Scriptorum
1705 2239 1807 2270 eccle-

376 2300 594 2331 siasticorum
620 2299 767 2331 historia
796 2298 970 2330 litteraria
987 2323 994 2334 ,
1023 2308 1045 2329 α
1072 2296 1211 2329 Christo
1241 2300 1324 2328 nato
1351 2295 1396 2327 ad
1427 2305 1501 2327 soec.
1535 2292 1629 2326 XIV.
1658 2296 1806 2327 Coloniae

376 2357 599 2396 Allobrogum
633 2356 739 2393 1705,
772 2356 805 2387 in
834 2355 904 2392 fol„
932 2355 1066 2395 passim.

425 2418 464 2454 (o)
493 2416 527 2447 ln
553 2418 632 2445 tom.
659 2413 697 2445 11
726 2412 883 2456 Liturqgy.
914 2413 1072 2449 orientt.;
1108 2411 1238 2443 Parisiis
1265 2412 1374 2447 1715,
1404 2410 1538 2451 passim.

422 2474 463 2512 (7)
490 2471 701 2503 Bibliotheca
735 2470 915 2502 orientalis
942 2467 1337 2501 clementino-vaticana.
1375 2467 1489 2499 Romae
1519 2467 1681 2507 impressa
1721 2466 1807 2508 typis

373 2530 406 2561 S.
440 2529 474 2560 C.
513 2529 555 2561 de
597 2529 812 2570 propaganda
843 2527 934 2565 fide,
974 2526 1203 2558 1719-1728.
1233 2526 1343 2557 Habet
1380 2530 1451 2557 tres
1491 2529 1601 2556 tomos
1635 2524 1668 2555 in
1703 2523 1804 2561 folio,

374 2595 517 2626 quorum
545 2586 667 2617 tertius
691 2590 741 2617 est
765 2585 957 2626 bipartitus.
986 2602 1027 2607 —
1055 2583 1218 2623 Deinceps
1245 2591 1329 2622 opus
1361 2581 1446 2613 illud
1475 2581 1658 2612 summarie
1683 2581 1807 2612 notabo

372 2643 496 2676 litteris
520 2642 710 2675 initialibus
738 2644 770 2674 Β.
802 2643 838 2674 O.
856 2667 865 2679 ,
894 2642 1026 2682 adjecto
1054 2640 1235 2673 voluminis
1262 2645 1296 2672 et
1323 2640 1452 2679 paginae
1481 2647 1633 2670 numero.
1696 2646 1699 2651 ’
