1931 3239
400 197 444 230 90

407 1668 424 1691 Δ
407 1597 425 1619 β,
407 1526 425 1548 ἢ
406 1455 426 1478 Α
405 1384 425 1406 ἢ
407 1314 424 1335 ἢ
407 1242 424 1264 2
407 1171 424 1194 Α
407 1100 425 1123 Ω
406 1028 424 1051 Α
406 957 424 979 a
406 886 423 907 ἢ
407 814 424 836 a

1031 205 1157 232 CAPUT
1184 206 1208 231 Ι,

464 296 602 347 bitur,
627 307 650 338 e
673 296 768 338 sinu
799 296 946 338 matris
978 297 1193 351 prorupit,
1217 304 1258 338 et
1283 297 1546 351 frequentem
1576 295 1718 352 populi
1745 303 1828 339 tur-

466 369 558 411 bam
597 368 819 416 scindens,
857 368 907 410 ad
944 381 1132 410 mensam
1170 368 1263 410 vitae
1305 381 1349 410 se
1393 368 1573 411 contulit
1614 382 1661 411 ac
1700 369 1829 424 Spiri-

466 447 555 481 tum
588 446 778 481 sanctum
808 438 942 481 tribus
965 438 1131 495 pugillis
1161 439 1312 480 hausit.
1342 439 1443 481 Inde
1471 439 1560 495 ejus
1590 439 1830 495 eloquentia

463 510 800 566 atque‘doctrina
823 510 991 552 initium
1012 523 1246 565 sumpsere.
1268 510 1545 554 Postmodum
1561 544 1570 561 ,
1591 511 1832 566 percrebes-

464 590 586 624 cente
607 581 750 624 Jacobi
777 582 883 623 fama
901 613 910 630 ‚
935 581 1122 636 episcopi
1146 581 1361 623 hominem
1385 581 1665 629 conveniunt,
1689 582 1832 637 explo-

468 660 585 703 rant,
611 653 781 696 edicunt
808 660 851 695 ut
869 647 925 695 'de
945 666 1070 695 curru
1096 653 1325 695 Ezechielis
1349 653 1540 696 disserat.
1566 655 1709 696 Paruit
1737 654 1830 704 ille,

465 726 525 768 sic
543 739 665 768 orsus
688 738 855 768 carmen
879 741 888 767 ε
913 726 1121 767 Altissime
1140 728 1211 779 qui
1227 728 1444 768 coelestium
1468 729 1666 768 mentium
1687 729 1832 769 currui

465 784 767 839 insidesss'Tum
800 809 897 839 vero
915 829 924 847 ‚
955 804 1000 838 ut
1021 809 1113 850 quae
1135 796 1334 846 docebat,
1354 798 1512 852 scripto
1541 798 1727 840 ecclesiae
1752 805 1831 840 tra-

464 870 581 912 deret
601 902 610 919 ,
644 869 920 925 imperarunt.
950 869 1005 911 At
1039 868 1106 911 ille
1135 882 1353 911 sermones
1379 869 1607 924 doctusque
1638 869 1831 912 homilias

465 940 591 996 coepit
621 940 663 982 in
697 940 871 983 ecclesia
904 953 1185 994 componere,
1221 953 1351 995 quum
1392 954 1551 982 anuum
1582 941 1830 997 vigesimum

468 1012 702 1054 secundum
735 1011 779 1067 (i)
807 1018 965 1066 ageret.
989 1012 1140 1054 Postea
1173 1026 1300 1066 quum
1331 1026 1464 1055 annos
1494 1021 1635 1068 ageret
1669 1021 1831 1070 septem

467 1097 593 1139 supra
627 1083 843 1140 sexaginta
872 1097 966 1126 cum
992 1084 1192 1133 dimidio,
1216 1085 1332 1127 urbis
1363 1085 1496 1141 Sarug
1525 1094 1689 1128 creatus
1725 1086 1833 1141 epis-

465 1168 596 1209 copus
620 1154 716 1204 fuit,
748 1153 945 1196 nimirum
980 1168 1091 1197 anno
1121 1155 1362 1198 Graecorum
1396 1158 1508 1205 850,
1546 1164 1639 1211 post
1677 1156 1833 1199 Christi

463 1226 687 1268 adventum
720 1227 822 1268 519.
847 1226 1076 1279 Postquam
1100 1233 1239 1268 antem
1267 1226 1487 1269 ecclesiam
1518 1226 1711 1269 doctrina
1737 1227 1833 1269 vitae

466 1297 742 1347 illustrasset,
766 1304 808 1339 et
826 1297 1001 1339 eximias
1025 1297 1337 1340 lucubrationes
1357 1311 1454 1340 suas
1472 1306 1598 1353 atque
1617 1311 1832 1341 commen-

466 1368 567 1409 taria
599 1367 641 1409 in
666 1368 813 1410 orbem
842 1367 1084 1410 universum
1113 1368 1372 1418 diffudisset,
1397 1368 1589 1425 migravit
1620 1369 1669 1411 ad
1692 1369 1849 1412 Domi-›

465 1452 566 1480 num
588 1472 597 1487 ‚
620 1439 896 1494 sepultusque
917 1440 994 1481 fuit
1022 1439 1200 1482 solemni
1233 1453 1380 1495 pompa
1405 1439 1538 1496 Sarug
1559 1439 1600 1482 in
1627 1440 1730 1483 urbe
1758 1454 1833 1484 sua

464 1522 576 1552 anno
595 1511 707 1559 855,
728 1510 795 1552 die
814 1513 872 1553 29
900 1510 1163 1553 Novembris.
1188 1511 1302 1552 Vixit
1330 1524 1464 1553 annos
1492 1510 1757 1567 septuaginta
1782 1524 1834 1554 ex

467 1582 620 1636 quibus
640 1582 918 1638 sexagintaet
947 1590 1107 1638 septem
1132 1595 1227 1625 cum
1251 1582 1425 1624 dimidio
1444 1581 1583 1638 exegit
1602 1590 1699 1625 ante
1725 1582 1834 1637 epis-

466 1660 690 1708 copatum,
715 1653 754 1695 in
779 1654 1023 1709 episcopatu
1048 1667 1145 1697 vero
1176 1667 1310 1697 annos
1334 1655 1440 1697 duos
1471 1667 1566 1697 cum
1597 1654 1786 1697 dimidio.
1812 1669 1831 1692 »

951 1820 1213 1858 ARTICULUS
1240 1822 1285 1856 ΙΙ.

618 1944 880 1970 nisccriusrun
912 1945 1003 1970 vim:
1030 1945 1060 1971 s.
1088 1945 1204 1971 siconi
1232 1947 1403 1972 ADJUNCTA
1432 1947 1620 1973 PRAECIPUA.

795 2058 809 2097 ἕ
835 2061 865 2091 1.
907 2066 951 2092 DE
976 2066 1059 2092 EJUS
1083 2066 1209 2093 AETATE
1234 2067 1277 2093 ET
1304 2067 1444 2093 PATRIA.

464 2171 563 2213 Haec
606 2170 735 2227 igitur
787 2178 885 2212 sunt
931 2170 1014 2213 duo
1072 2171 1205 2226 prisca
1254 2171 1534 2222 documenta,
1580 2185 1632 2215 ex
1683 2174 1836 2229 quibus

404 2242 549 2285 Jacobi
587 2242 721 2284 nostri
760 2242 854 2283 vitae
895 2241 1089 2297 adjuncta
1121 2250 1162 2284 et
1194 2242 1389 2297 praeclara
1427 2243 1636 2294 facinora,
1670 2245 1836 2289 collatis

405 2312 531 2355 etiam
563 2325 639 2368 pro
681 2325 726 2355 re
749 2320 845 2355 nata
867 2312 1044 2355 aliorum
1073 2320 1291 2356 anctorum
1319 2313 1598 2365 testimoniis,
1628 2316 1836 2372 praecipue

405 2391 505 2426 sunt
538 2383 791 2440 indaganda.

452 2511 494 2550 (ι)
521 2511 557 2542 ln
582 2512 657 2544 cod.
685 2512 814 2552 syriaco
848 2512 922 2551 XV,
958 2512 1047 2544 unde
1080 2512 1143 2544 ista
1173 2512 1351 2554 desumpta
1385 2512 1501 2551 fuere,
1530 2513 1691 2546 scribitur
1721 2523 1835 2547 annus

405 2571 633 2605 duodecimus.
661 2575 759 2605 Putat
792 2575 1000 2607 Assemanus'
1018 2576 1106 2607 hunc
1131 2584 1257 2607 annum
1290 2582 1365 2605 Δ..
1393 2583 1433 2606 ex
1459 2575 1588 2607 incuria
1615 2575 1744 2608 librarii
1772 2585 1831 2617 pro

405 2644 567 2688 viyesimo
593 2644 737 2676 secundo
764 2633 842 2677 ΔΞ
879 2647 1079 2688 obrepsisse.
