1931 3239
339 176 398 209 170
953 185 1080 211 mppr
1106 185 1145 211 Π.

334 279 380 319 de
413 280 734 320 annunciatione
769 295 781 318 .-
813 294 829 317 α
859 278 1063 328 audistis,
1102 279 1263 334 inquit,
1294 279 1478 322 inaudita
1520 281 1678 324 ratione
1719 282 1759 323 in

338 365 356 387 «
397 362 479 391 uno
507 362 682 408 corpore
711 350 844 391 Deum
873 350 1171 406 hominemque
1197 351 1377 394 misceri.
1406 367 1424 389 »

397 487 528 529 11.-
552 487 691 530 Altera
723 497 786 531 est
823 488 1044 531 difficultas
1078 488 1117 531 in
1148 501 1197 531 eo
1229 489 1339 544 qnod
1372 488 1517 532 scribit
1551 489 1761 537 Jacobus,

339 575 356 598 α
395 559 699 602 humanitatem
737 568 778 602 et
806 560 1066 602 divinitatem
1098 561 1375 616 personaliter
1408 568 1450 604 et
1477 574 1763 603 NATURALl'rER

337 647 355 670 «
396 631 525 674 fuisse
549 631 765 674 adunatas.
788 648 806 671 »
833 632 951 674 Dicat
975 632 1086 674 enim
1111 633 1204 687 quis
1225 632 1425 676 unionem
1451 642 1695 675 naturarum
1720 633 1762 674 in

333 702 499 745 Christo
533 701 617 741 καθ’
641 701 846 742 ὑπόστασιν
881 717 953 747 seu
988 702 1174 746 λαβοῦ-ιε
1210 704 1356 745 factam
1400 703 1526 746 fuisse
1565 716 1614 745 eo
1651 702 1764 758 quod

332 772 372 813 in
402 785 483 814 una
513 780 675 815 tautum
708 785 884 827 persona
916 782 1104 828 utraeque
1140 775 1402 825 subsistunt,
1439 775 1641 817 catholice
1666 787 1764 817 vero

333 844 449 886 nefas
488 857 581 886 esse
614 857 704 886 eam
740 844 840 884 κατὰ
869 844 974 903 φῦσιν
1009 859 1081 888 seu
1117 845 1261 890 ami-h:-
1294 846 1522 902 appellari,
1559 859 1611 889 ne
1653 846 1763 902 ipso-

334 927 422 956 rum
468 921 709 956 naturarum
749 916 941 957 confusio
984 924 1025 957 et
1066 916 1205 958 unitas
1244 916 1298 959 ita
1334 916 1493 959 adstrui
1530 916 1762 959 videantur.

393 984 468 1027 Cui
512 984 766 1040 objectioni,
799 994 842 1027 ut
888 994 998 1028 recta
1029 986 1099 1029 fiat
1135 988 1379 1042 responsio,
1412 986 1624 1030 suffecerit
1661 1001 1765 1030 non-

331 1055 445 1097 nulla
492 1055 542 1098 (le
587 1056 845 1099 locutionum
890 1058 1063 1099 istarum
1115 1057 1421 1113 significatione
1471 1067 1511 1101 et
1555 1072 1632 1101 usu
1679 1071 1765 1100 mo-

332 1125 502 1175 nuisse,
534 1139 617 1168 non
659 1127 769 1168 euim
808 1128 872 1170 hic
911 1136 992 1170 tam
1030 1129 1226 1171 vocabula
1266 1129 1351 1184 ipsa
1384 1142 1507 1184 quam
1542 1142 1692 1172 sensus
1725 1137 1764 1171 et

335 1196 450 1239 notio
469 1197 682 1239 vocabulis
704 1198 903 1241 attributa
926 1200 1179 1242 attendenda
1203 1200 1390 1242 veniunt.
1407 1200 1630 1256 Tlieologis
1653 1213 1766 1243 nunc

332 1268 600 1310 communius
640 1277 781 1311 mutua
824 1278 1065 1313 naturarum
1103 1272 1144 1313 in
1182 1271 1348 1314 Christo
1379 1272 1641 1327 penetratio,
1668 1272 1766 1313 inti-

332 1353 396 1382 ma
423 1341 611 1395 pervasio
633 1348 674 1383 et
695 1340 951 1397 conjunctio,
984 1346 1081 1386 unio
1110 1346 1390 1397 hypostatica,
1425 1347 1508 1388 καθ’
1538 1349 1761 1401 ὑπόστασιν,

333 1408 474 1459 audit3
520 1416 699 1452 testatur
742 1424 839 1454 vero
878 1413 1126 1469 Euthymios
1171 1413 1216 1469 (ι)
1260 1413 1301 1456 S.
1342 1413 1541 1471 Cyrillum
1584 1414 1766 1457 Alexan-

333 1480 502 1522 drinum
545 1482 725 1535 primum
779 1483 906 1526 fuisse
955 1485 1024 1538 qui
1067 1484 1171 1526 hanc
1221 1484 1474 1527 locutionem
1525 1485 1566 1526 in
1616 1485 1765 1541 dogma

333 1552 584 1595 catholicum
619 1555 850 1605 invexerit,
885 1564 925 1597 at
963 1569 1045 1598 non
1080 1570 1130 1599 eo
1163 1570 1313 1607 sensu,
1352 1570 1434 1612 quo
1465 1571 1575 1599 nunc
1610 1558 1764 1613 passim

333 1626 564 1681 accipitur,
610 1640 701 1669 eam
755 1629 960 1672 intellexit
1017 1631 1194 1686 Cyrillus
1244 1647 1252 1672 z
1297 1635 1500 1682 ὑπόστασις
1548 1631 1625 1687 ipsi
1682 1645 1765 1675 non

334 1697 531 1751 exprimit
558 1699 824 1754 suppositum
852 1709 894 1743 et
923 1714 1168 1757 personam,
1192 1701 1265 1744 sed
1294 1715 1380 1744 rem
1409 1702 1588 1756 aliquam
1621 1715 1766 1758 reapse

335 1775 376 1809 et
416 1768 549 1810 solide
571 1801 580 1818 ,
606 1782 688 1811 nou
723 1771 863 1825 specie
906 1779 1027 1813 tenus
1061 1779 1247 1821 tantum,
1276 1781 1541 1823 exstantem,
1581 1782 1624 1815 ut
1661 1773 1765 1815 adeo

333 1841 434 1881 unio
481 1842 737 1892 hypostatica
783 1842 837 1883 sit
893 1844 993 1884 unio
1046 1856 1166 1886 vera.
1212 1843 1360 1894 realis,
1410 1844 1576 1899 proprie
1628 1844 1764 1892 (licta,

337 1912 537 1954 naturalis
571 1926 618 1954 ac
649 1914 934 1964 substantiva,
971 1928 1052 1956 non
1081 1923 1219 1957 autem
1251 1929 1364 1959 mere
1393 1916 1658 1972 imaginaria,
1694 1916 1765 1958 ad-

335 1983 554 2033 umbrata,
585 1992 656 2027 aut
686 1987 855 2029 moralis
884 2000 930 2030 ea
959 2001 1082 2042 quam
1107 1988 1327 2030 Nestorius
1357 1989 1607 2031 somniabat.
1631 1989 1765 2031 Theo-

336 2055 417 2111 logi
459 2064 598 2098 autem
640 2061 831 2100 unionem
869 2067 1018 2102 vocant
1062 2063 1363 2114 hypostaticam
1403 2061 1454 2103 ab
1496 2060 1644 2103 effectu
1690 2073 1765 2103 seu

335 2127 517 2170 termino
572 2129 612 2170 in
664 2143 788 2185 quem
843 2130 976 2173 unitio
1034 2131 1261 2187 redigitur,
1297 2146 1318 2174 a
1357 2145 1534 2188 persona
1595 2132 1764 2188 inquam

336 2198 501 2248 divina,
533 2200 571 2241 in
601 2214 711 2255 qua,
744 2210 909 2257 peracta
944 2204 1127 2251 unione,
1162 2212 1308 2245 natura
1339 2204 1520 2246 humana
1554 2204 1764 2246 subsistit.

400 2272 527 2326 Atqui
554 2281 704 2316 neutro
736 2286 863 2316 sensu
901 2274 1005 2317 fides
1032 2275 1234 2317 catholica
1273 2288 1355 2317 non
1382 2275 1616 2317 declaratur
1638 2276 1765 2331 aptis-

336 2342 469 2392 sime,
499 2351 539 2385 et
572 2344 683 2398 quod
720 2358 805 2387 rem
842 2345 1013 2394 attinet,
1047 2354 1223 2401 uterque
1253 2345 1442 2401 apprime
1480 2346 1764 2397 conveniunt;

337 2427 432 2456 nam
468 2414 501 2457 si
530 2415 652 2465 unio,
677 2429 756 2471 qua
783 2423 942 2460 naturae
970 2417 1080 2460 iuter
1117 2404 1475 2474 ste'coputantur,
1508 2430 1602 2460 vera
1630 2425 1692 2460 est
1725 2424 1766 2460 et

382 2579 423 2617 (¹)
452 2576 619 2618 Eutbymii
639 2579 792 2611 monachi
809 2580 967 2621 Zigabeni
984 2605 991 2619 ‚
1009 2579 1121 2622 (qum.
1140 2580 1308 2622 panoplia
1321 2606 1329 2617 ,
1349 2585 1429 2613 tom.
1446 2582 1468 2620 l,
1492 2582 1541 2613 tit.
1563 2582 1594 2620 7,
1616 2590 1688 2622 pag.
1706 2580 1761 2613 24.

337 2633 468 2665 Parisiis
499 2635 594 2666 1555.
