1931 3239
762 202 923 229 'FHESES.
1496 199 1559 233 2322)

756 328 921 368 XXXII.

185 422 344 479 Dogma
382 424 636 467 catholicum
676 433 740 468 est
779 427 962 482 primum
1002 429 1217 472 hominem
1255 431 1297 472 in
1330 432 1553 477 sanctitate

122 500 164 537 et
188 492 351 549 justitia
383 497 693 551 supernaturali
723 497 853 541 fuisse
878 500 1173 542 constitutum.
1206 501 1310 544 Cum
1328 503 1392 545 his
1412 511 1553 547 autem

121 563 270 608 intime
317 565 361 608 in
407 566 571 609 Adamo
611 567 835 623 conjuncta
892 577 1011 612 erant
1054 571 1219 614 eximiae
1273 579 1359 614 tum
1402 575 1553 618 anima}

122 643 211 680 tum
233 637 423 694 corporis
445 638 588 690 dotes,
613 639 835 696 integritas
863 641 1132 697 potissimum
1166 651 1208 687 et
1238 644 1547 689 immortalitas.

739 779 925 820 XXXIII.

178 885 311 927 Porro
344 885 480 928 Adam
519 885 562 927 in
607 885 850 929 felicissimo
894 888 973 931 hoc
1013 896 1126 931 statu
1164 889 1421 933 constitutus
1457 898 1546 942 est,

117 969 204 999 non
243 956 381 1000 solum
427 964 632 1013 quantum
679 966 768 1001 erat
818 959 907 1015 ipse
949 960 1174 1017 singularis
1223 974 1430 1017 persona,
1471 963 1545 1006 sed

116 1028 242 1071 etiam
287 1035 487 1084 tanquam
531 1037 809 1086 protoparens
852 1039 895 1074 et
936 1032 1190 1089 principium
1230 1040 1416 1084 naturae,
1452 1046 1546 1088 quae

117 1106 203 1142 tota
235 1099 277 1142 in
309 1113 359 1143 eo
391 1107 432 1143 et
460 1114 531 1156 per
561 1115 657 1144 eum
689 1103 832 1146 divino
864 1104 1035 1148 decreto
1069 1105 1227 1148 elevata
1256 1106 1354 1156 suit,
1379 1112 1421 1149 et
1449 1118 1544 1149 cum

115 1171 167 1215 iis
194 1171 342 1223 donis,
367 1173 563 1230 praecepti
592 1174 837 1219 conditione
872 1184 1036 1221 servata
1053 1210 1063 1228 ‚
1085 1178 1352 1235 propaganda
1379 1178 1541 1222 fuisset.

729 1278 912 1352 XXXIV.

177 1416 250 1459 Illa
306 1429 405 1460 vero
456 1424 617 1460 naturae
671 1418 914 1462 sublimatio
965 1420 1297 1476 supernaturalis
1354 1428 1444 1464 erat
1504 1431 1546 1466 et

113 1487 275 1531 homini
306 1501 479 1544 prorsus
517 1489 731 1541 indebita,
772 1498 898 1545 atque
936 1490 1042 1533 adeo
1080 1491 1286 1546 potuisset
1320 1492 1461 1545 Deus,
1510 1494 1545 1536 si

110 1559 342 1611 voluisset,
377 1573 463 1604 non
497 1568 658 1604 tantum
688 1564 876 1616 potentia
905 1564 1123 1614 absoluta,
1156 1563 1269 1618 quod
1307 1570 1371 1606 est
1403 1566 1546 1608 catho-

112 1630 192 1673 lice
241 1631 417 1674 omnino
466 1632 728 1683 tenendum,
777 1633 852 1675 sed
901 1633 1028 1676 etiam
1081 1636 1267 1687 potentia
1319 1636 1544 1687 ordinata,

110 1701 343 1745 humanum
371 1715 505 1760 genus
530 1703 574 1745 in
603 1716 654 1746 eo
689 1711 802 1746 statu
822 1737 832 1755 ‚
860 1717 986 1760 quem
1012 1711 1178 1748 παίωνα)
1202 1719 1322 1759 purae
1359 1707 1543 1764 theologi

110 1780 287 1826 vocant,
320 1774 372 1818 ab
398 1774 520 1818 initio
550 1775 770 1820 collocare.

746 1910 911 1951 XXXV.

171 2019 328 2076 lnjuria
365 2020 586 2063 historiam
621 2021 780 2076 peccati
817 2027 1194 2076 protoparentum,
1226 2020 1322 2063 Gen.
1355 2034 1444 2075 cap.
1485 2022 1544 2063 III

110 2091 357 2142 exhibitam,
387 2091 599 2148 allegoriis
626 2091 932 2135 accensendam
962 2091 1234 2134 rationalistae
1256 2091 1541 2144 contendunt3

110 2175 275 2218 neque,
308 2163 508 2219 spectatis
545 2175 659 2205 sanae
688 2160 1016 2206 hermeneuticae
1051 2162 1229 2219 regulis,
1266 2162 1401 2205 multo
1440 2162 1543 2205 tole-

109 2234 281 2277 rabilior
319 2241 385 2277 est
425 2234 636 2278 sententia
676 2233 890 2290 Cajetani‚
924 2233 1137 2290 dialogum
1180 2233 1399 2277 mulierem
1432 2234 1543 2277 inter

109 2312 152 2348 et
195 2312 438 2362 serpentem
479 2305 532 2348 tle
571 2317 685 2349 mera
723 2305 959 2348 tentatione
998 2305 1164 2348 interna
1206 2304 1538 2360 interpretantis

738 2441 923 2482 XXXVI.

174 2552 335 2602 Adam,
365 2550 710 2608 praevaricatione
743 2565 816 2594 sua
841 2550 1075 2595 secundum
1103 2562 1256 2606 corpus
1286 2554 1328 2592 et
1357 2549 1540 2592 animam

109 2624 152 2667 in
188 2623 373 2667 deterius
411 2631 718 2676 commutatus,
756 2631 969 2679 acceptam
1006 2637 1029 2666 a
1064 2622 1151 2667 Deo
1198 2620 1463 2665 sanctitatem
1499 2626 1539 2662 et
