1931 3239
358 175 428 201 XIV
962 177 1178 204 PRAEFATIO
1185 196 1191 202 .

356 278 565 322 ratissime
608 278 888 335 exprimerem
937 292 985 322 ea
1027 292 1120 334 quae
1157 280 1198 321 in
1238 292 1316 322 ms.
1363 280 1456 323 cod.
1502 281 1787 334 invenissem3

355 382 494 426 neque
512 370 598 426 ipsa
622 370 881 426 sphalmata,
904 369 973 412 ubi
995 382 1042 412 ea
1067 369 1108 412 in
1132 370 1277 414 codice
1302 371 1582 427 deprehendi,
1603 385 1789 428 unquam

354 465 547 516 correxi,
575 465 677 521 quin
710 465 762 507 de
795 464 1060 508 correctione
1087 477 1107 506 a
1144 477 1210 507 me
1244 465 1349 507 facta
1382 464 1561 508 lectores
1589 465 1790 508 admone-

359 572 463 602 rem.
487 560 688 602 Attamen
716 558 756 600 in
786 558 953 614 punctis
984 557 1211 601 (liacriticis
1235 559 1523 614 apponendis,
1547 572 1598 602 ex
1622 559 1788 602 defectu

357 652 668 709 typographicae
689 651 966 707 supellectilis
996 651 1221 707 aliquoties
1244 665 1329 694 non
1361 652 1478 695 licuit
1508 653 1559 695 ad
1586 652 1788 695 amussim

356 747 496 789 omnia
527 747 764 802 exprimere
798 758 890 801 quae
931 745 973 787 in
1006 745 1152 788 codice
1185 745 1504 798 invenirentur,
1539 747 1652 803 quod
1689 759 1790 802 prae-

355 841 500 884 sertim
537 840 695 883 dictum
721 840 775 882 sit
810 839 863 882 de
891 839 1108 882 codicibus
1137 842 1224 884 118
1253 847 1293 883 et
1320 843 1433 892 155,
1464 840 1679 897 quadratis
1701 840 1788 884 sive

357 933 645 990 estrangelicis
677 931 830 975 litteris
859 933 1055 974 exaratis.

421 1028 551 1069 Porro
583 1027 623 1067 in
649 1025 939 1068 monumentis
964 1025 1086 1081 ligata
1112 1024 1303 1067 oratione
1334 1024 1610 1081 conscriptis,
1643 1038 1788 1068 versus

357 1117 545 1174 singulos
576 1116 787 1159 distinctis
816 1115 938 1159 lineis
966 1115 1182 1171 expressi,
1213 1128 1468 1171 quamquam
1493 1116 1636 1160 hocin
1671 1117 1786 1163 codi-

356 1213 476 1256 cibus
513 1213 668 1255 sactum
714 1224 799 1254 nou
838 1220 926 1263 est;
969 1211 1167 1254 nimirum
1203 1211 1438 1255 existimavi
1480 1213 1667 1255 futurum
1709 1214 1789 1257 hoc

356 1322 449 1352 esse
470 1308 715 1352 nonnullius
739 1307 932 1350 utilitatis
961 1307 1012 1349 ad
1032 1306 1261 1350 faciliorem
1284 1315 1422 1350 textus
1446 1307 1785 1365 intelligentiam.

417 1401 482 1445 Ad
530 1400 925 1457 interpretationem
971 1412 1107 1443 meam
1148 1399 1321 1443 latinam
1364 1400 1476 1456 quod
1524 1401 1699 1452 attinet,
1747 1401 1788 1444 in

358 1498 458 1546 hac,
484 1496 596 1538 nulla
633 1494 807 1552 quaesita
837 1494 1047 1538 sermonis
1076 1494 1306 1551 elegantia,
1332 1494 1541 1551 interpres
1562 1508 1655 1538 esse
1677 1495 1789 1538 volui

361 1589 648 1633 fidelissimus.

418 1682 703 1726 Monumentis
747 1681 918 1738 syriacis
966 1681 1007 1723 in
1051 1682 1128 1723 hoc
1169 1694 1297 1738 opere
1342 1681 1466 1724 editis
1518 1681 1788 1738 praemittitur

357 1779 634 1820 Dissmmrio
663 1789 714 1818 DE
747 1775 790 1818 S.
817 1775 961 1818 JAeossi
992 1774 1248 1818 SARUGErtsis
1282 1788 1375 1817 vl'rA
1399 1789 1450 1818 ET
1477 1788 1658 1818 SCRIPTlS
1676 1807 1686 1826 ,
1716 1774 1787 1817 ubi

356 1878 398 1913 et
424 1870 476 1912 de
514 1868 745 1923 theologica
774 1866 864 1922 ejus
895 1866 1085 1909 doctrina
1116 1867 1359 1922 inquiritur.
1393 1869 1534 1923 Atque
1571 1867 1635 1910 his
1675 1866 1788 1921 adJe-

358 1964 492 2007 cimus
527 1963 696 2005 brevem
743 1963 924 2015 antiquoe
957 1963 1201 2002 litteratum
1241 1963 1414 2013 syrtacoe
1450 1967 1703 2014 conspectum
1745 1968 1788 2004 et

359 2055 626 2100 tractatulum
658 2057 705 2097 de
734 2055 939 2107 Syrorum
966 2061 1094 2096 metro
1124 2061 1160 2096 et
1185 2055 1310 2106 poesi.

419 2150 481 2192 Ex
514 2147 756 2191 anecdoctis
788 2146 892 2189 meis
926 2146 1098 2203 syriacis
1132 2145 1208 2188 tria
1241 2153 1429 2195 tantum,
1468 2152 1512 2187 ut
1548 2144 1633 2201 jam
1673 2144 1787 2196 dixi,

358 2256 471 2285 nunc
502 2243 543 2285 in
586 2241 798 2298 publicum
832 2240 1041 2295 prodeunt
1073 2255 1083 2282 :
1117 2239 1296 2282 Gnoson
1332 2238 1466 2281 oratio
1508 2237 1753 2295 panegyrica
1774 2270 1784 2287 ,

358 2345 399 2379 et
434 2350 485 2380 ex
515 2335 681 2391 scriptis
705 2335 748 2378 S.
776 2334 921 2377 ζΙΑοοΒι
944 2334 1199 2376 ὃΑΒυῦΕΝειε
1227 2332 1412 2375 carmina
1444 2332 1528 2375 duo
1563 2333 1614 2376 de
1635 2316 1787 2375 beatis-

359 2429 463 2472 sima
489 2428 649 2484 virgine
673 2428 826 2470 Maam-
847 2426 981 2470 Causa
1003 2433 1166 2475 autem,
1191 2425 1244 2467 ob
1266 2437 1390 2480 quam
1412 2426 1499 2468 haec
1525 2437 1608 2481 prae
1627 2424 1790 2468 caeteris

359 2522 602 2579 seligerent,
623 2522 709 2564 haec
732 2521 823 2564 suit.
847 2522 1027 2564 Gnoucu
1047 2523 1363 2573 panegyricum,
1384 2518 1482 2563 licet
1506 2519 1547 2561 in
1567 2531 1612 2562 se
1637 2518 1789 2561 valoris

359 2619 412 2661 sit
453 2618 621 2674 exigui,
660 2617 814 2672 aliquid
849 2627 987 2659 tamen
1029 2616 1077 2659 ad
1115 2616 1239 2658 vitam
1274 2616 1316 2658 S.
1354 2616 1499 2658 heom
1533 2614 1788 2658 SARUGENsts
