1931 3239
603 154 738 181 JACOBI
763 155 905 182 SARUG.
932 156 1035 182 vrrA.
1494 154 1536 187 33

108 243 232 287 verba
274 245 504 301 sapientia,
545 253 588 289 et
630 255 781 292 cuncta
828 257 1028 294 resonent
1077 252 1238 294 cantica
1282 252 1420 308 qualia
1464 267 1531 305 eqo

104 325 282 382 cupidus
323 339 440 370 aveo.
473 327 590 371 Mens
630 342 720 372 mea
771 332 969 387 mysteria
1004 332 1189 384 ediscat,
1216 341 1258 377 et
1291 337 1383 377 inde
1406 336 1529 378 verba

104 409 330 465 profundat
363 417 488 465 atque
518 419 763 466 apparatum
794 422 1019 469 componat
1062 417 1380 473 margaritarum
1404 430 1529 474 praes-

105 492 281 534 tantium
302 525 312 543 ‚
337 500 534 548 texatque
557 507 757 538 coronam
794 509 843 539 ex
877 497 1045 554 beryllis
1075 506 1117 541 et
1143 500 1322 555 gemmis
1357 500 1528 557 optimis

103 573 228 630 capiti
267 574 335 630 pio
366 574 496 630 patris
534 575 746 619 benedicti
777 579 1055 623 sanctimonia
1092 581 1218 636 pleni.

156 866 339 922 Tempus
376 867 503 923 igitur
537 874 624 916 est,
655 868 805 911 fratres
840 869 953 919 mei,
988 870 1039 912 ad
1072 870 1161 926 ejus
1199 871 1416 914 historiam
1451 884 1528 914 nos

96 950 362 1008 accingendi,
392 959 438 993 ut
475 964 526 994 ex
550 951 681 1007 ipsius
715 952 853 995 verbis
888 966 1109 1008 carpamus
1144 961 1186 996 et
1220 953 1394 997 edamus
1419 955 1527 997 fruc-

97 1041 165 1076 tus
207 1033 521 1077 desiderabiles.
562 1034 694 1076 Porro
737 1033 850 1089 quod
896 1033 948 1076 ad
989 1035 1100 1077 hunc
1142 1037 1276 1078 adhuc
1320 1035 1524 1079 infantem

41 1098 44 1099 ⁷
97 1115 306 1172 pertinet,
337 1115 392 1158 ita
428 1115 552 1158 docet
594 1114 684 1170 ejus
719 1115 893 1158 historia
923 1131 932 1159 :
961 1124 1080 1173 pater
1116 1117 1206 1173 ejus
1236 1117 1435 1161 sacerdos
1477 1132 1525 1162 ac

95 1204 229 1241 mater
252 1197 409 1241 sterilis
444 1205 548 1241 erat.
595 1198 710 1240 Inter
741 1198 977 1241 oblationes
1016 1206 1157 1242 autem
1198 1207 1240 1242 et
1274 1200 1384 1243 dona
1422 1213 1524 1257 pura

95 1292 188 1335 quae
219 1287 316 1323 ante
344 1281 478 1323 Deum
512 1280 627 1322 omni
660 1288 850 1336 tempore
885 1280 925 1322 in
964 1280 1046 1324 fide
1074 1281 1316 1325 obtulerant
1346 1281 1528 1324 visitavit

95 1377 166 1407 eos
201 1364 332 1420 gratia
375 1363 515 1406 divina
559 1371 601 1406 et
640 1364 753 1407 hunc
790 1363 851 1407 eis
896 1363 1080 1406 fructum
1123 1364 1269 1421 largita
1323 1371 1388 1408 est.
1430 1365 1527 1420 quia

94 1446 209 1502 digni
243 1454 377 1488 erant.
406 1447 546 1499 Itaque
581 1452 704 1488 natus
769 1452 834 1488 est
874 1453 916 1488 et
965 1445 1169 1489 educatus
1205 1447 1282 1489 suit
1322 1459 1344 1489 a
1378 1459 1527 1503 paren·

96 1528 208 1571 tibus
242 1527 329 1570 suis
361 1527 402 1569 in
438 1527 588 1570 timore
611 1526 778 1569 Domini
812 1539 904 1583 quae
927 1535 990 1570 est
1030 1528 1170 1571 omnis
1201 1528 1419 1584 sapientiae
1447 1529 1527 1572 ini-

97 1610 213 1653 tium.
259 1609 398 1652 Veluti
464 1610 690 1660 thesauro,
741 1609 806 1652 cui
854 1609 1073 1665 invigilant
1120 1610 1377 1666 quicumque
1428 1624 1525 1655 eum

141 1837 167 1858 v.
197 1827 251 1860 68.
277 1827 406 1883 <ongo
443 1837 531 1870 pono
565 1837 637 1861 esse
664 1835 788 1863 statum
820 1836 1052 1865 constructum
1080 1831 1169 1862 vocis
1197 1814 1335 1871 1122&ss
1361 1839 1379 1862 a
1404 1817 1496 1884 <BA
1517 1855 1525 1862 .

95 1900 197 1932 Recte
219 1904 331 1932 tamen
359 1900 459 1932 etiam
486 1905 524 1932 ut
547 1901 762 1943 participium
792 1902 937 1943 spectari
969 1903 1114 1942 poterit,
1144 1906 1177 1933 et
1203 1902 1248 1933 ita
1274 1902 1378 1933 latine
1408 1902 1492 1933 verti
1515 1911 1522 1933 :

93 1966 186 1988 mens
215 1966 290 1988 mea
380 1956 479 1988 verba
501 1955 714 1999 profundat,
744 1967 782 1990 ac
813 1961 995 2000 componat
1020 1961 1106 2000 apta
1133 1957 1357 1999 dispositione
1381 1967 1523 2000 marpa-

91 2013 180 2046 ritas
200 2017 419 2055 proestantes.

140 2098 168 2120 v.
196 2090 248 2121 75.
275 2081 322 2126 132
355 2088 440 2120 verti
476 2087 592 2125 dona,
616 2097 810 2130 supponens
844 2089 931 2120 illud
967 2097 1040 2121 esse
1078 2097 1224 2130 graecum
1253 2076 1395 2138 δωρεά,
1429 2087 1525 2119 nullo

91 2162 202 2190 tamen
238 2161 389 2189 auctore.
417 2156 569 2197 Reliquae
603 2156 693 2188 enim
731 2156 994 2197 significationes
1019 2157 1154 2197 syriacae
1177 2157 1266 2189 vocis
1292 2168 1299 2189 :
1328 2158 1523 2200 qeneratio,

91 2234 194 2269 aetas,
221 2240 365 2274 puyna,
403 2233 476 2269 eta,
514 2230 570 2263 hic
604 2239 671 2263 non
702 2230 919 2262 conveniunt.
953 2248 998 2253 —
1031 2230 1119 2262 Fieri
1157 2230 1257 2262 etiam
1291 2231 1440 2271 potuerit
1476 2225 1522 2271 '32

90 2305 250 2338 mendose
282 2304 385 2336 fuisse
420 2305 583 2345 scriptum
622 2313 683 2346 pro
717 2296 791 2357 ΒΓ]
824 2319 867 2333 =
903 2308 1005 2342 vota,
1042 2313 1118 2345 quae
1155 2313 1217 2336 vox
1255 2306 1411 2345 praesenti
1449 2307 1522 2339 loco

89 2373 243 2415 apprime
272 2372 460 2405 conveniat.

135 2457 164 2480 v.
192 2447 244 2479 78.
272 2447 401 2477 muna
428 2454 469 2477 ex
498 2446 614 2487 paucis
643 2446 793 2487 vestigiis
817 2446 1058 2488 complendum
1085 2445 1209 2487 putavi.

136 2542 165 2564 v.
192 2533 246 2565 80.
273 2532 343 2564 Vox
372 2525 474 2575 l-ajsso
502 2541 562 2573 pro
598 2540 701 2564 vacuo
727 2531 759 2563 in
795 2531 911 2564 codice
940 2530 1048 2572 spatio
1075 2539 1115 2563 ex
1153 2530 1330 2562 sententiae
1361 2534 1521 2563 contextu

86 2590 243 2632 suppleta
268 2588 342 2620 fuit.

1319 2668 1338 2695 5
