1931 3239
317 195 376 228 146
928 198 1054 225 CAPUT
1081 197 1120 223 11.

375 297 422 337 2⁰
459 295 667 336 Pnonmo
690 304 887 334 Posva.
916 290 996 333 Sed
1022 297 1066 332 ut
1089 302 1139 333 eo
1169 289 1281 332 unde
1311 301 1476 345 egressa
1498 296 1586 332 erat
1607 302 1743 346 regre-

317 367 454 410 diatur
473 367 622 415 oratio,
648 366 851 407 haetenus
873 363 974 406 satis
998 370 1192 406 constare
1216 362 1398 405 arbitror
1414 361 1530 405 nullo
1548 370 1663 405 certo
1681 362 1744 405 vel

317 439 470 481 idoneo
490 437 734 480 testimonio
747 436 905 479 Jacoho
924 435 1291 492 monophysitismi
1311 442 1453 478 notam
1470 434 1595 477 inuri.
1612 435 1745 490 Nega-

317 509 467 560 livam,
496 516 540 551 ut
565 508 707 558 aiunt,
740 507 1032 564 probationem
1063 507 1342 557 absolvimus;
1377 519 1489 548 nunc
1521 506 1743 562 positivam

315 594 484 636 quoque
506 588 804 623 construamus
837 587 1031 634 oportet,
1056 592 1180 634 quam
1216 577 1443 621 conficient
1472 585 1601 620 testes
1635 576 1746 632 aequi

317 659 358 696 et
404 651 486 694 fide
539 650 804 707 dignissimi,
844 650 1093 706 Sarugensis
1132 648 1426 692 orthodoxiam
1474 648 1750 691 affirmantes.

377 725 428 766 A.
462 724 583 766 Josue
610 724 777 775 Stylites
802 722 845 779 (t)
867 722 1025 765 Jacobo
1049 723 1220 777 aequalis
1255 723 1369 765 hunc
1406 725 1668 766 venerabilem
1701 721 1748 777 (2)

314 795 528 851 appellat,
563 793 652 850 ejus
692 794 982 837 fortitudinem
1025 802 1069 837 et
1107 794 1353 837 charitatem
1391 796 1544 851 quibus
1587 793 1748 837 incolas

315 866 517 922 Euphrati
544 866 726 916 vicinos,
749 866 840 908 diro
868 879 889 908 a
920 866 1059 909 Persis
1092 866 1202 909 bello
1228 879 1479 922 oppt·eSSOS‚
1504 866 1748 909 consolatus

314 945 378 981 est
430 937 575 992 eisque
638 937 900 992 opitulatuS‚
955 937 1150 979 laudibus
1208 937 1385 979 extollit.
1437 937 1566 992 Atqui
1620 936 1749 980 Josue

315 1008 545 1051 catholicus
585 1008 809 1058 haeretico,
850 1008 1031 1050 maxime
1063 1008 1216 1051 celebri
1254 1016 1296 1051 et
1328 1009 1370 1050 in
1410 1008 1493 1050 vita
1530 1008 1748 1057 manenti,

316 1080 638 1134 haudquaquam
671 1080 744 1122 has
774 1079 918 1122 laudes
952 1079 1183 1123 tribuisset.
1215 1080 1335 1132 Quod
1367 1093 1465 1123 vero
1497 1080 1627 1122 Josue
1661 1079 1750 1134 ipse

316 1151 578 1194 orthodoxus
607 1151 732 1192 fuerit
763 1151 922 1205 liquido
957 1159 1069 1206 patet
1097 1164 1148 1194 ex
1173 1151 1263 1207 ejus
1295 1153 1522 1200 Claronico,·
1553 1151 1608 1193 ibi
1636 1150 1750 1194 enim

315 1220 557 1264 Flavianum
578 1220 812 1263 Antiochiae
843 1221 1119 1277 patriarcham
1149 1222 1329 1277 appellat
1355 1239 1374 1261 (ι
1401 1230 1592 1264 sanctum
1612 1253 1621 1271 ‚
1656 1220 1749 1264 reli-

315 1292 617 1348 giosissimum,
646 1291 798 1334 divinis
829 1292 1055 1335 virtutibus
1086 1293 1322 1348 praeditum,
1357 1291 1749 1335 constantissimum

315 1370 358 1405 et
399 1363 601 1418 inclytum
650 1362 712 1418 (3).
738 1378 757 1402 »
801 1363 1072 1406 Anastasium
1111 1376 1211 1407 vero
1258 1364 1586 1419 imperatorem,
1629 1370 1752 1405 antea

317 1434 424 1477 hene
458 1433 683 1484 meritum,
716 1433 757 1475 in
797 1434 879 1476 tine
915 1434 1008 1476 vitae
1050 1446 1136 1476 suae
1172 1434 1408 1490 desipuisse
1444 1434 1629 1484 asserit,
1665 1446 1751 1476 non

317 1505 438 1548 aliam
483 1505 537 1547 oh
584 1517 780 1555 causam,
824 1504 882 1547 uti
923 1504 1114 1555 videtur,
1159 1519 1282 1561 quam
1323 1506 1377 1549 ob
1415 1513 1658 1562 susceptum
1700 1506 1751 1547 ab

319 1577 390 1619 illo
419 1577 811 1634 monophysitarum
845 1576 1126 1633 patrocinium
1161 1577 1221 1634 (4).

378 1649 423 1691 B.
458 1650 636 1691 loannes
658 1650 799 1698 Maro,
828 1648 899 1703 qui
926 1648 1049 1690 suerit
1066 1681 1075 1698 ‚
1091 1647 1212 1704 juxta
1236 1650 1517 1692 Assemanum
1543 1647 1604 1704 (5),
1627 1647 1751 1704 Syro-

318 1732 409 1762 rum
431 1719 732 1761 Maronitarum
757 1718 866 1761 eirca
894 1731 1052 1761 annum
1079 1721 1168 1762 700
1191 1719 1468 1761 antiochenus
1493 1718 1722 1774 patriarcha
1739 1750 1748 1767 ‚

315 1792 518 1834 Jacohum
559 1805 643 1834 non
682 1791 809 1834 modo
849 1798 894 1833 ut
937 1791 1219 1835 orthodoxum
1253 1791 1423 1840 laudat,
1459 1791 1531 1834 sed
1568 1804 1619 1833 ex
1661 1790 1752 1846 ejus

317 1864 483 1920 scriptis
540 1864 695 1906 diserta
744 1863 985 1906 testimonia
1041 1864 1233 1919 profert,
1278 1864 1430 1919 quibus
1480 1862 1752 1906 Nestoriano-

316 1949 408 1979 rum
437 1948 555 1990 aeque
589 1944 630 1977 et
661 1934 945 1977 Jacobitarum
975 1934 1151 1977 haeresin
1183 1934 1348 1977 refellit.
1383 1934 1469 1978 Etsi
1503 1947 1600 1977 vero
1628 1933 1752 1990 hujus

363 2106 406 2145 (ι)
435 2106 479 2137 De
505 2113 572 2146 quo
587 2104 711 2136 videsis
731 2112 807 2145 quae
832 2104 1022 2137 notavimus
1045 2105 1078 2135 in
1101 2101 1381 2140 Introdtcefiono,
1409 2112 1483 2145 pag.
1511 2104 1564 2136 18.

362 2163 404 2204 (2)
431 2162 513 2195 Vide
537 2171 656 2203 supra,
685 2171 760 2203 pag.
793 2161 867 2194 100.

363 2238 403 2279 (ὅ)
428 2218 568 2289 2322..
608 2217 748 2274 aas
791 2218 923 2279 1222:
957 2217 1066 2266 ss:
1111 2215 1282 2287 22:323.
1325 2215 1431 2271 aas<
1473 2214 1582 2271 >0230
1624 2214 1752 2286 mr:

314 2303 460 2374 &53:0⁹
491 2321 572 2353 vide
599 2320 632 2352 B.
659 2320 697 2352 o.
726 2319 760 2356 t,
788 2319 876 2356 285,
907 2320 941 2351 ia
968 2319 1033 2351 001.

361 2407 404 2447 (ι)
434 2384 611 2443 ,υστᾶἰίρ
646 2384 845 2443 ὶὲὲὲριὶο
879 2384 950 2442 hosi
984 2383 1107 2440 1.ζᾷδὲ
1142 2385 1273 2447 „129le
1309 2382 1469 2445 &ji-3¹23}
1503 2402 1524 2434 i.
1543 2410 1573 2435 e.
1595 2412 1751 2445 praepos-

315 2478 383 2506 cere
407 2474 443 2513 (a
466 2474 577 2514 seipso
603 2472 814 2511 desciscens)
839 2470 933 2502 visus
957 2474 1006 2502 est
1031 2470 1221 2512 imperator
1238 2469 1303 2502 iste
1321 2469 1357 2501 ἰη
1373 2467 1444 2512 fine
1460 2469 1539 2502 vitm
1557 2479 1637 2502 suoe.
1663 2470 1750 2502 lbid.

316 2540 389 2572 pag.
422 2530 510 2567 282,
539 2529 576 2561 2³
601 2529 665 2561 col.
693 2546 736 2552 —
763 2527 824 2560 eff.
864 2527 907 2559 de
945 2528 1119 2559 Anastasio
1157 2526 1355 2558 Theodorus
1394 2527 1523 2566 lector,
1562 2527 1621 2559 lib.
1648 2527 1691 2564 2.
1717 2532 1752 2560 et

314 2588 547 2629 TheophaneS‚
575 2585 866 2629 chronoqraphia
891 2584 932 2617 ad
957 2593 1082 2617 annum
1109 2583 1196 2621 499,
1224 2584 1277 2616 ed.
1304 2584 1404 2615 Paris.
1432 2584 1541 2623 1675,
1571 2593 1644 2625 pag.
1672 2584 1749 2617 130.

364 2648 405 2687 (n)
430 2645 462 2677 B.
490 2645 526 2676 O.
555 2644 588 2682 l,
617 2651 712 2684 pagg.
740 2643 806 2674 496
832 2650 925 2682 seqq.
