1931 3239
618 186 752 213 JACOBI
779 187 920 214 SARUG.
949 188 1050 214 VITA.
1332 188 1340 194 '
1511 185 1546 216 ΞΗ

184 277 296 320 Mare
330 289 528 333 magnum
567 285 655 329 est,
712 280 753 320 in
797 279 910 334 quod
950 292 1098 323 omnes
1138 288 1394 324 mercatores
1430 283 1550 338 spiri-

119 361 253 403 tuales
293 360 556 403 descendunt
599 369 645 403 ut
690 374 834 404 exeo
890 363 1084 405 hauriant
1128 364 1346 407 thesauros
1385 379 1547 409 omnes.

118 442 392 485 Refociilatus
442 456 532 485 sum
582 457 650 496 090
685 456 735 486 ex
771 447 843 486 hoc
878 446 1014 495 mari,
1060 453 1100 488 et
1153 447 1354 491 testificor
1401 449 1549 492 verita-

118 530 202 565 tem
238 523 289 566 de
326 535 494 573 verace,
529 523 567 566 ei
601 527 745 567 scilicet
784 538 933 568 omnes
978 534 1168 570 oratores
1211 529 1548 584 expositionibus

117 604 204 647 suis
248 618 333 648 non
381 605 586 649 sufficere.
643 606 747 658 Quis
786 615 924 663 potest
972 607 1086 664 loqui
1130 609 1254 652 sicuti
1290 620 1458 667 oportet
1496 612 1548 655 de

116 698 166 728 eo
206 686 277 741 qui
321 685 515 729 doctores
558 695 599 729 et
635 687 848 743 sapientes
883 689 1156 746 circumagit,
1200 692 1300 746 quin
1345 693 1466 747 piene
1499 696 1549 736 ab

118 774 173 814 eis
215 772 630 828 comprehendatur?
672 774 736 816 Ad
783 773 906 829 hujus
948 787 1047 831 ergo
1092 775 1335 826 historiam,
1381 790 1475 819 cum
1520 777 1547 819 ii

117 869 265 899 omnes
297 857 348 899 ab
384 856 474 913 ejus
510 857 704 900 laudibus
742 859 866 900 debite
908 860 1154 901 celebrandis
1192 858 1413 909 deficiant,
1445 872 1547 914 quo-

117 940 243 982 modo
270 952 347 996 ego
388 939 626 996 pertingere
657 943 941 996 praesumam?

177 1096 285 1140 Ecce
325 1096 564 1152 provocavit
602 1109 667 1139 me
698 1110 816 1140 amor
845 1098 896 1140 ad
925 1098 1182 1153 loquendum
1214 1097 1266 1141 de
1288 1098 1378 1153 ipso
1413 1098 1546 1154 quod-

116 1191 296 1234 cumque
341 1178 598 1235 suggesserit
646 1179 778 1234 gratia
831 1191 924 1234 quae
962 1191 1058 1222 eum
1107 1179 1259 1235 eiegit,
1302 1180 1376 1223 sed
1418 1187 1546 1223 terret

116 1276 181 1305 ine
213 1263 355 1320 gloriae
393 1275 575 1306 oceanus
602 1263 830 1318 quominus
858 1264 1054 1307 accedam
1093 1264 1144 1306 ad
1177 1272 1301 1320 caput
1344 1277 1546 1308 veneran-

114 1346 211 1388 dum
253 1353 296 1389 et
336 1359 407 1388 vas
430 1345 635 1397 electum,
681 1349 800 1399 quate
844 1355 901 1389 est
955 1347 1135 1404 inclytus
1185 1347 1381 1390 Jacobus.
1438 1347 1546 1390 Ecce

114 1435 350 1471 coarctatus
381 1441 524 1472 versor
550 1429 591 1470 in
629 1429 740 1471 bivio
758 1462 767 1479 ,
791 1439 833 1472 et
866 1430 965 1485 quid
990 1429 1217 1485 arripiam?
1251 1430 1407 1472 Tacere
1432 1442 1546 1473 vere-

113 1510 277 1552 cundiae
316 1517 407 1559 est,
448 1518 489 1553 et
541 1510 656 1566 loqui
700 1511 862 1567 pavori,
897 1519 938 1554 et
983 1511 1081 1567 quid
1123 1511 1302 1554 faciam?
1351 1513 1462 1554 Nam
1509 1513 1544 1554 si

116 1599 310 1642 tacuero,
353 1592 548 1635 credetur
596 1600 637 1635 et
684 1596 757 1635 hoc
797 1594 1000 1645 stultitia3
1050 1602 1090 1637 et
1131 1594 1163 1635 si
1202 1593 1367 1637 locutus
1400 1595 1542 1646 suero,

115 1674 266 1717 iterum
305 1674 512 1718 videbitur
547 1675 775 1718 temeritas.

174 1875 382 1926 Domine,
442 1876 621 1919 Domine
679 1884 854 1927 noster,
915 1876 1065 1933 largire
1119 1876 1245 1919 vitam
1307 1877 1541 1920 secundum

113 1958 287 2015 gratiam
335 1966 477 2010 tuam,
522 1967 564 2002 et
610 1959 712 2002 fiant
751 1960 874 2003 verba
923 1972 1013 2002 mea
1059 1959 1311 2002 sacrificium
1361 1959 1541 2002 electum

112 2042 224 2098 quod
268 2042 341 2084 tibi
375 2043 558 2098 placeat!
591 2043 682 2086 Fiat
712 2043 853 2100 lingua
893 2056 984 2086 mea
1020 2043 1207 2085 calamus
1245 2049 1341 2085 tuus
1385 2044 1542 2086 docens

159 2193 187 2216 v.
214 2184 269 2215 55.
319 2179 417 2223 i—Jffl
451 2184 689 2225 explicandum
717 2191 769 2217 est
793 2184 833 2216 ad
861 2185 997 2216 modum
1026 2184 1222 2217 nominativi
1249 2185 1403 2217 absolute
1432 2185 1541 2225 positi.

111 2241 328 2274 Uhiemann’s
355 2242 596 2281 Grammatik,
628 2253 659 2285 p.
688 2244 748 2276 2⁰21
767 2269 775 2283 ‚
804 2243 822 2286 g
846 2244 900 2275 76.

157 2314 184 2336 v.
212 2306 266 2337 57.
293 2292 427 2345 »εὖρ
455 2305 668 2337 abbreviatio
684 2311 734 2337 est
753 2315 813 2347 pro
838 2300 1003 2345 Lan-204?

157 2395 186 2417 v.
213 2386 267 2417 59.
297 2387 432 2427 Proprie
457 2396 465 2417 ε
491 2386 584 2417 inter
608 2385 715 2416 ambo.
743 2386 833 2419 Verti
860 2398 866 2420 :
894 2388 931 2419 in
956 2387 1053 2419 bivio.

158 2467 186 2489 v.
213 2458 268 2490 60.
296 2459 330 2490 ln
377 2459 492 2492 codice
528 2458 593 2490 vidi
629 2453 740 2511 Mul-³³,
780 2461 870 2493 unde
905 2444 1010 2501 ἰξῷ-3
1047 2461 1207 2502 reposui,
1244 2470 1261 2492 a
1311 2461 1379 2492 rad.
1435 2442 1539 2498 uix-iz

109 2516 277 2548 extimuit.

155 2598 184 2619 v.
212 2588 267 2620 63.
292 2588 417 2630 Scripsi
453 2577 522 2627 μ...
556 2597 677 2634 moi-2
704 2593 716 2635 3
750 2592 809 2625 sed
833 2593 921 2624 forse
949 2598 1016 2623 erat
1044 2579 1113 2628 Lu}
1142 2593 1264 2634 -mlfe
1293 2589 1473 2631 legendum
1506 2592 1536 2619 et

111 2651 190 2676 tunc
214 2645 413 2678 vertendum
444 2657 450 2678 :
477 2648 630 2688 pubermt
654 2648 771 2681 vitam.
