1931 3239
309 186 367 221 140
922 197 1049 223 CAPUT
1075 197 1115 222 11.

305 288 585 335 sententiam,
625 287 832 329 calumnia
867 295 932 330 est
967 295 1050 329 tam
1089 287 1204 330 nullo
1250 289 1523 330 fundamento
1565 287 1732 340 fulcita,

306 372 431 415 quam
465 372 487 402 e
518 358 698 401 solemni
740 358 1078 402 nestorianorum
1110 360 1364 415 scriptorum
1400 359 1572 416 perfidia
1603 360 1733 416 expli-

306 438 401 473 catu
443 430 599 481 facilis3
647 430 784 473 solent
818 431 959 480 enim,
997 438 1156 474 naturae
1198 438 1240 473 et
1282 443 1472 486 personae
1515 432 1731 474 notionem

306 514 525 557 perperam
570 502 907 551 confundentes,
942 502 1066 544 unius
1104 502 1145 544 in
1183 502 1349 546 Christo
1385 510 1543 544 naturae
1581 516 1733 559 propu-

303 580 502 629 gnatores
537 587 725 616 asserere
764 587 1038 630 quoscunque
1081 574 1258 617 duarum
1297 588 1570 630 personarum
1610 589 1734 631 nega-

305 650 418 686 tores
463 644 698 687 inveniunt.
735 646 840 687 Hinc
876 645 1112 689 Catholicos
1146 653 1188 688 et
1222 646 1434 688 ‚lacobitas
1463 646 1612 689 eodem
1640 646 1732 689 loco

305 723 547 770 reponunt,
601 724 642 759 et
699 725 902 773 utrosque
950 717 1083 760 inviso
1136 717 1502 774 monophysitismi
1555 717 1731 760 crimine

305 786 530 842 deturpant
562 787 622 844 (ιι).

365 857 558 912 Denique
579 857 799 900 indubium
825 860 1017 914 estquod
1042 858 1585 914 subjungitRenaudotius,
1611 859 1732 901 nimi-

304 941 397 970 rum
428 929 709 985 Sarugensem
755 930 866 986 apud
896 930 1107 973 jacobitas
1135 930 1354 973 haereticos
1395 931 1436 972 in
1467 930 1733 974 confessione

304 998 399 1042 fidei
444 999 630 1049 laudari,
666 1009 706 1043 et
742 1001 985 1056 frequenter
1015 1000 1224 1043 nominari
1256 1001 1296 1042 in
1328 1008 1502 1043 tractatu
1536 1002 1731 1044 haeretico

303 1073 350 1112 de
376 1073 452 1124 fide
478 1079 673 1124 patrum,
700 1072 785 1115 imo
816 1072 912 1114 addi
946 1080 1087 1127 posset
1122 1071 1211 1127 ejus
1241 1073 1486 1114 memoriam
1521 1072 1562 1114 in
1590 1073 1733 1115 kalen-

305 1141 431 1184 dariis
469 1150 531 1185 ter
569 1143 610 1184 in
655 1156 766 1185 anno
802 1143 1067 1186 recolendam
1116 1151 1156 1185 et
1199 1143 1491 1185 celebrandam
1538 1144 1730 1199 proponi.

304 1213 461 1254 Verum
502 1213 716 1256 enimvero
757 1214 836 1256 hoc
876 1221 1171 1270 argumentum
1215 1214 1325 1269 qnod
1373 1213 1553 1256 solidum
1598 1215 1732 1270 prima

304 1285 441 1326 fronte
495 1284 739 1335 videretur,
793 1285 901 1327 facili
963 1286 1131 1341 negotio
1187 1284 1356 1327 dissolvi
1408 1285 1574 1340 poterit.
1619 1285 1730 1328 Satis

306 1356 429 1398 suerit
473 1357 819 1400 animadvertisse
872 1358 1008 1400 simile
1050 1357 1326 1400 infortunium
1372 1371 1497 1413 quam
1540 1358 1730 1412 plurimis

304 1428 492 1482 patribus
528 1428 775 1471 orthodoxis
805 1429 1006 1472 accidisse
1051 1445 1060 1471 ι
1096 1441 1248 1484 nempe
1278 1429 1320 1471 in
1360 1431 1607 1482 confessione
1640 1432 1731 1483 fidei

304 1498 413 1540 inter
443 1499 638 1542 doctores
668 1499 854 1542 ecclesiae
879 1499 1114 1555 jacobiticaa
1152 1501 1413 1542 collocantur
1451 1501 1730 1551 Athanasius,

304 1571 508 1628 Cyrillus,
559 1573 829 1628 Ephraemus,
870 1573 956 1615 imo
994 1573 1062 1615 alii
1116 1574 1186 1629 qui
1239 1573 1279 1615 in
1337 1573 1516 1616 concilio
1572 1574 1731 1617 chalce-

302 1644 481 1686 donensi
539 1644 739 1687 adversus
782 1644 895 1700 ipsos
941 1657 1140 1700 expresse
1200 1645 1389 1699 producti
1439 1645 1638 1697 fuerunt,
1688 1654 1732 1688 ut

303 1716 529 1771 Gregorius
577 1716 817 1771 theologus,
861 1716 1061 1765 Basilius,
1116 1716 1404 1772 Theophylns‚
1444 1716 1730 1772 Epiphanius,

303 1787 643 1843 Chrysostomus.
674 1788 961 1830 Tribuendum
993 1789 1071 1830 hoc
1101 1795 1187 1836 est,
1220 1796 1264 1830 ut
1290 1787 1377 1843 jam
1405 1801 1531 1843 snpra
1562 1789 1732 1838 monui,

302 1859 550 1915 plerumque
579 1860 764 1915 cupidini
794 1874 873 1916 qua
900 1860 1145 1903 laborabant
1177 1860 1363 1902 haeretici
1398 1860 1465 1903 isti
1495 1860 1732 1903 doctrinam

301 1945 419 1974 suam
447 1938 529 1974 tam
555 1931 707 1974 illustri
733 1932 968 1987 patrocinio
992 1932 1320 1981 cohonestandi,
1347 1931 1570 1986 aliquoties
1591 1939 1730 1976 tamen

301 2015 427 2045 merae
463 2002 713 2058 ignorantiae
748 2010 787 2045 et
824 2003 957 2045 critici
985 2001 1131 2057 judicii
1156 2003 1411 2045 omnimodae
1431 2004 1645 2046 absentiae.
1679 2004 1732 2046 Et

301 2076 376 2117 bac
419 2074 595 2129 quidem
640 2074 864 2130 posteriori
911 2088 1034 2117 causa
1077 2076 1228 2118 factum
1279 2076 1407 2118 fuisse
1448 2083 1637 2131 putarem
1686 2085 1731 2119 ut

301 2146 518 2188 Maronitae
547 2146 739 2188 catholici
766 2146 1029 2188 Edessenum
1054 2146 1281 2197 Jacobum,
1312 2147 1553 2189 haereticum
1584 2161 1730 2191 mono-

302 2218 538 2273 physitam,
582 2217 708 2260 veluti
748 2224 939 2260 sanctum
983 2217 1120 2260 colere
1163 2225 1204 2260 et
1253 2217 1440 2260 venerari
1480 2218 1728 2274 inceperint.

300 2289 499 2332 Jacobitae
531 2302 629 2332 vero
658 2289 956 2345 Sarugensem,
988 2288 1068 2330 nisi
1101 2302 1166 2332 me
1195 2289 1307 2331 sallat
1334 2289 1603 2345 conjectura,
1633 2290 1727 2333 ideo

301 2374 424 2403 suum
452 2362 586 2404 facere
609 2361 842 2411 voluerint,
873 2360 985 2416 quod
1014 2360 1104 2416 ejus
1128 2361 1378 2403 auctoritate
1405 2369 1446 2404 et
1474 2362 1579 2403 fama
1603 2367 1728 2404 sectae

301 2447 386 2476 suae
420 2433 547 2476 decus
583 2442 624 2476 et
662 2433 900 2489 praesidium
931 2433 1216 2476 accedendum
1250 2434 1488 2489 sperabant.
1531 2434 1726 2477 Ceterum

302 2518 426 2560 quam
466 2505 676 2548 immerito
715 2513 877 2548 tantum
914 2505 1047 2547 virum
1087 2505 1164 2547 sibi
1204 2505 1504 2548 vindicaverint
1540 2518 1636 2548 mox
1676 2505 1725 2547 ad

348 2655 389 2694 (ι)
416 2653 481 2685 Cir.
514 2654 544 2685 Β.
572 2654 609 2685 Ο.
638 2653 703 2691 lll,
735 2654 812 2686 587.
