1931 3239
623 161 758 187 JACOBI
785 162 927 188 smne.
955 162 1059 187 vim.
1518 155 1560 189 63

124 251 284 308 pulchri
310 259 407 295 sunt
430 251 533 309 justi
573 253 643 308 qui
675 252 876 295 volabunt
908 261 1005 297 ante
1039 266 1266 310 sponsum,
1301 254 1370 296 ubi
1401 254 1435 296 is
1467 267 1558 297 sese

124 335 285 378 mundo
320 336 606 379 manifestabit
635 349 730 378 cum
765 336 895 392 gloria
930 350 1078 394 magna
1101 370 1110 387 ,
1146 346 1186 380 et
1217 337 1400 380 vicissim
1433 351 1557 394 quam

125 417 302 460 odibiles
337 424 437 460 sunt
477 430 624 461 omnes
660 417 925 474 iniquitatem
969 426 1010 461 et
1051 420 1157 463 mala
1197 427 1421 476 operantes
1462 433 1558 463 curn

125 507 292 557 satana,
319 499 521 556 magistro
555 512 702 543 eorum
740 508 781 544 et
815 501 1016 544 doctore!

187 839 371 883 Attende
404 840 654 896 prophetas,
685 839 899 895 apostolos
936 847 977 882 et
999 840 1304 896 evangelistas,
1336 841 1560 897 magistros

126 933 293 977 quoque
310 922 570 965 orthodoxos
593 934 826 976 eorumque
844 921 1073 964 doctrinas.
1097 922 1326 965 Considera
1352 922 1559 979 lugentes,

125 1001 308 1059 virgines
344 1003 563 1058 utriusque
596 1014 723 1044 sexus
752 1009 791 1045 et
822 1010 1009 1052 ascetas‚
1043 1004 1272 1046 monachos
1301 1012 1342 1046 et
1373 1005 1560 1047 coenobi-

129 1093 204 1129 tas.
235 1086 340 1129 Vide
368 1098 440 1129 eos
464 1086 535 1142 qui
563 1085 727 1141 seipsos
760 1085 1078 1142 spoliaverunt,
1102 1099 1305 1142 pauperes
1324 1100 1371 1130 ac
1400 1088 1563 1131 mendi-

126 1176 271 1212 cantes
289 1201 300 1220 ,
344 1169 444 1212 item
494 1168 777 1224 persecutioni
817 1168 1026 1211 obnoxios
1071 1181 1118 1211 ac
1160 1169 1280 1220 neci,
1326 1170 1531 1225 lapidatos
1550 1203 1560 1221 ‚

126 1250 334 1302 humiles,
386 1258 657 1302 mansuetos,
702 1250 851 1301 mites,
894 1250 1191 1295 misericordes
1241 1258 1283 1294 et
1332 1260 1562 1295 sanctos...

127 1332 234 1376 Vide
252 1332 527 1388 poenitentes,
548 1345 673 1388 quam
700 1332 884 1389 praeclari
906 1335 989 1375 sinc
1006 1333 1077 1388 qui
1101 1333 1391 1389 poenitentiam
1417 1342 1561 1390 agunt.

128 1413 290 1458 Pariter
312 1414 534 1458 considera
557 1427 689 1458 eos....

189 1778 305 1830 Quos
352 1790 501 1822 omnes
558 1776 729 1820 memini
779 1790 920 1820 coram
966 1786 1034 1827 te,
1085 1792 1109 1822 o
1158 1780 1350 1832 auditor,
1396 1790 1442 1825 ut
1487 1783 1560 1825 tihi

127 1861 300 1918 gradum
336 1861 456 1905 electi
489 1861 622 1905 nostri
663 1868 747 1904 tam
785 1862 1008 1906 sublimem
1043 1863 1385 1917 manifestarem3
1414 1879 1560 1909 eorum

128 1955 310 2008 namque
355 1943 532 1999 singulis
573 1943 673 1986 levis
704 1944 893 1999 quaedam
943 1945 1143 2000 particula
1180 1946 1280 1989 doni
1326 1948 1556 2003 prophetici

130 2038 329 2069 concessa
358 2025 460 2075 suit,
493 2039 572 2081 qua
597 2026 648 2069 de
671 2026 886 2069 Salvatore
911 2034 1058 2069 nostro
1089 2027 1391 2083 loquerentur3
1426 2042 1562 2085 neque

130 2223 425 2263 p.857.—Vocem
451 2211 693 2260 tmemizo
741 2224 774 2255 in
812 2223 935 2264 plurali
972 2231 1072 2255 sensu
1102 2223 1239 2264 accepi,
1271 2232 1475 2264 quamquam
1515 2226 1560 2256 si-

131 2287 233 2320 gnum
259 2279 352 2311 rihni
376 2280 464 2311 absit
490 2280 524 2311 in
553 2280 626 2312 cod.

176 2346 205 2367 v.
233 2337 310 2369 570.
339 2337 462 2369 Ultima
494 2337 594 2377 hujus
621 2346 737 2369 versus
763 2345 824 2369 vox
851 2337 1000 2369 evanuit.

179 2408 208 2431 v.
236 2400 315 2432 571.
341 2400 461 2432 Vocem
487 2393 617 2450 <201
649 2400 813 2440 adscripsi
840 2400 884 2431 ob
911 2407 1052 2432 vacuum
1081 2399 1114 2430 in
1138 2396 1212 2429 cod.
1239 2399 1397 2440 spatium.

177 2481 207 2504 v.
233 2473 309 2505 575.
338 2474 386 2506 Ex
413 2477 554 2519 μὲορ...
583 2476 647 2508 feci
671 2474 833 2517 ,Αἶα-ο
856 2493 864 2501 .

177 2555 208 2577 V.
236 2545 314 2578 576.
340 2547 501 2588 Supplevi
534 2547 675 2580 verbum
710 2540 845 2585 Ι-Ωισιι
882 2546 971 2587 quod
1007 2546 1136 2587 spatio,
1173 2547 1345 2579 contextui
1382 2550 1415 2579 et
1452 2552 1561 2578 metro

132 2603 301 2635 convenit.
