1931 3239
599 899 862 985 INDEX
917 901 1170 986 LIBRI.

168 1470 358 1502 PRAEFATIO
395 1494 1500 1504 ....................
1565 1478 1602 1504 lx

678 1598 1069 1640 INTRODUCTIO.

166 1707 216 1739 DE
232 1711 405 1740 SYRORUM
427 1712 597 1740 ms‘romA
619 1713 837 1740 LITTERARIA
852 1714 898 1741 AD
914 1714 1087 1741 TEMPORA
1106 1714 1136 1741 s.
1154 1713 1275 1741 JAcom
1293 1712 1514 1741 SARUGENSIS

210 1766 404 1794 SUMMATIM
420 1766 585 1793 DEDUCTA
627 1786 1512 1795 ................
1584 1763 1598 1793 1

253 1832 270 1873 ἓ
294 1834 326 1867 1.
374 1834 422 1866 De
437 1832 567 1874 Abgari
584 1835 619 1866 et
635 1832 766 1866 Christi
785 1833 926 1867 Domini
945 1834 1108 1876 epistolis
1158 1859 1513 1869 .......
1581 1838 1603 1869 5

254 1886 270 1927 ἓ
292 1887 326 1921 2.
374 1888 422 1919 De
437 1886 596 1928 antiquis
615 1886 842 1921 versionibus
866 1888 1015 1930 syriacis
1032 1890 1067 1922 S.
1087 1888 1281 1931 Scripturae
1330 1915 1338 1922 .
1389 1915 1396 1922 .
1447 1915 1454 1922 .
1505 1916 1512 1923 .
1583 1891 1602 1922 7

253 1942 269 1982 ἓ
292 1944 327 1975 5.
375 1943 424 1974 De
442 1941 642 1974 Bardesane
659 1942 823 1983 gnostico
866 1968 1513 1977 ............
1581 1945 1602 1976 9

253 1995 270 2036 ἓ
292 1998 325 2029 4.
374 1997 422 2029 De
447 1994 577 2028 litteris
601 1995 750 2037 syriacis
770 2004 789 2028 3
807 1995 1008 2029 Bardesane
1027 2005 1141 2038 usque
1158 1997 1202 2030 ad
1218 1998 1252 2030 S.
1273 1997 1512 2039 Ephraemum.

428 2050 673 2083 Recensentur
689 2051 723 2082 S.
743 2050 888 2084 Simeon
906 2051 1098 2090 Barsaboe,
1117 2052 1151 2084 S.
1171 2050 1298 2091 Milles‚
1316 2052 1515 2085 Jabachues

426 2104 628 2144 Chaldaeus,
644 2103 754 2137 lsaias
766 2104 878 2138 Adabi
891 2105 1072 2145 Arzunita,
1087 2106 1121 2138 S.
1139 2106 1294 2139 Jacobus
1307 2105 1512 2140 Nisibenus.
1561 2107 1602 2139 12

253 2158 269 2200 ἓ
292 2160 325 2192 5.
374 2159 422 2192 De
438 2159 472 2191 S.
493 2159 682 2200 Ephraemo
699 2160 849 2202 ejusque
865 2159 1054 2202 discipulis
1073 2170 1080 2192 :
1098 2160 1254 2194 Zenobio
1270 2185 1280 2202 ,
1299 2162 1420 2195 Isaaco
1435 2185 1444 2202 ,
1462 2160 1514 2194 Si-

425 2223 532 2248 meon
547 2239 556 2255 ,
573 2215 775 2249 Abrahamo
806 2242 1513 2251 .............
1563 2219 1603 2251 14

253 2270 269 2311 ς
292 2271 325 2303 6.
373 2271 421 2303 Dc
438 2269 553 2303 Balaeo
571 2273 606 2303 et
624 2271 658 2304 S.
676 2271 838 2304 Marutha
863 2296 1513 2306 ............
1561 2274 1602 2306 15

252 2324 268 2365 §
292 2326 324 2358 7.
372 2325 420 2357 De
442 2323 681 2366 scriptoribus
704 2324 797 2367 syris
820 2324 941 2358 saeculi
968 2325 1096 2367 quinti.
1121 2328 1320 2360 Occurrunt
1342 2326 1513 2366 Aeacius,

253 2487 324 2528 §8.

255 2652 327 2692 59.

429 2379 597 2421 Rabulas,
616 2379 710 2420 Ibas,
722 2381 884 2421 Nonnus,
898 2381 932 2414 S.
946 2382 1044 2414 Isaac
1057 2383 1221 2424 Magnus,
1236 2383 1396 2422 cosmas,
1406 2383 1515 2415 Josue

427 2433 547 2475 stylita
568 2458 1511 2469 .................
1561 2438 1602 2469 16

372 2490 420 2522 De
447 2488 685 2531 scriptoribus
699 2489 791 2532 syris
806 2490 1026 2524 Nestorianis
1040 2494 1075 2524 et
1088 2490 1363 2533 Monophysitis.
1382 2492 1514 2538 Recen-

427 2545 552 2576 sentur
569 2544 798 2585 Barsaumas,
816 2546 944 2578 Narses
958 2569 967 2585 ,
985 2544 1172 2579 Jazidades
1185 2570 1195 2585 ,
1215 2547 1341 2586 MareS,
1359 2546 1514 2585 Maanes,

426 2600 592 2641 xenaias,
611 2601 741 2635 Paulus
748 2627 1513 2637 ..............
1564 2602 1602 2634 19

375 2655 423 2688 De
440 2654 622 2697 Simeone,
641 2655 811 2699 episcopo
830 2657 1139 2691 Beth-Arsamensi
1162 2684 1167 2691 .
1220 2683 1226 2691 .
1278 2683 1285 2691 .
1331 2671 1341 2689 τ
1393 2683 1399 2690 .
1451 2683 1457 2690 .
1506 2681 1515 2688 .
1561 2656 1602 2687 20
