1931 3239
559 158 752 185 SYRORUM
777 158 879 184 HIST.
906 159 1009 184 LITT.
1463 152 1497 185 Il

75 250 266 294 homines
293 249 540 298 seduxerat,
559 248 758 291 adversus
780 249 982 304 ingruens
1015 248 1170 290 malum
1195 248 1341 292 efficax
1366 261 1500 292 reme-

77 321 191 364 dium
229 320 442 362 instruxit.
481 320 541 362 De
572 320 822 362 Bardesanis
862 327 998 362 metro
1045 327 1085 362 et
1134 319 1249 375 poesi
1292 319 1359 362 hic
1398 320 1499 362 nibil

76 404 246 448 agemus
264 423 273 440 ,
312 390 406 445 quia
462 390 627 433 occasio
672 390 723 432 de
767 390 847 432 illis
880 390 1122 446 disputandi
1166 398 1309 446 postea
1350 390 1500 432 redibit

73 463 364 518 opportunior.

139 535 224 588 Age
252 545 374 582 vero,
409 531 532 587 hujus
565 532 783 587 scriptoris
819 546 900 575 uon
938 533 1017 574 uisi
1044 534 1276 589 fragmenta
1308 532 1497 588 quaedam

74 612 235 647 servata
275 605 469 653 fuerunt,
500 603 612 659 apud
654 604 930 660 Porphyrium
965 603 1151 653 scilicet,
1193 605 1423 646 Eusebium
1461 611 1502 647 et

74 683 288 718 auctorem
346 677 668 727 recoquitionum
723 676 767 716 S.
812 676 1039 717 Clementis.
1101 675 1155 716 Iis
1202 682 1367 725 autem,
1410 687 1503 730 quae

74 747 276 789 hactenus
314 746 614 794 innotuerant,
659 747 865 788 famosum
903 746 1154 788 Bardesanis
1193 753 1414 788 tractatum
1457 748 1505 788 de

74 820 181 860 Fato
203 817 431 874 adjungere
453 818 531 860 sibi
561 818 673 860 visus
695 826 758 861 est
783 818 1038 862 Curetonius
1062 818 1123 874 (1).
1150 819 1281 860 Porro
1306 818 1346 859 in
1377 831 1503 873 opere

74 903 198 946 quem
241 890 306 932 hic
358 889 514 946 publici
558 889 664 946 juris
710 890 876 939 effecit,
920 903 1015 932 cum
1056 889 1259 932 orationis
1298 889 1503 944 elegantia

75 961 239 1017 egregia
269 960 590 1016 argumentandi
615 961 720 1003 ratio
744 969 785 1002 et
810 962 910 1003 mira
944 961 984 1002 in
1008 960 1271 1015 exponendis
1296 960 1503 1002 variarum

75 1032 262 1089 gentium
287 1032 474 1074 moribus
497 1032 788 1088 institutisque
813 1030 996 1074 eruditio
1025 1030 1214 1086 apprime
1241 1029 1504 1085 conjungun-

77 1113 169 1156 tur;
192 1117 336 1147 verum
361 1117 445 1147 non
468 1104 579 1146 hunc
605 1118 696 1147 esse
712 1137 721 1154 ,
758 1113 802 1146 ut
826 1103 1057 1147 Curetonio
1082 1102 1303 1144 videbatur
1319 1136 1328 1152 ‚
1353 1103 1504 1145 Barde-

75 1175 188 1219 sanis
205 1176 354 1218 librum
371 1175 441 1230 qui
457 1176 508 1218 ab
524 1175 706 1218 Eusebio
723 1176 763 1217 in
785 1177 972 1217 Historia
986 1175 1271 1216 Ecclesiastica
1288 1173 1333 1229 (2)
1352 1173 1505 1216 dicitur

76 1253 94 1291 ὁ
129 1251 217 1309 πρὸς
261 1246 476 1291 Ἀντωνῖνον
520 1253 750 1297 ἱκανώτατος
785 1248 892 1291 αὐτοῦ
939 1248 1025 1307 περὶ
1064 1250 1294 1306 εἱμαρμένης
1335 1245 1506 1305 διάλογος

76 1323 103 1364 i.
134 1337 170 1366 e.
197 1325 382 1376 dialoqus
411 1326 457 1365 de
478 1324 567 1377 suto
593 1325 647 1365 acl
671 1325 929 1365 Antoninum
951 1323 1252 1369 validissimus,
1284 1321 1507 1364 manifesta

78 1394 238 1437 ratione
261 1394 506 1445 conticitum
527 1408 622 1436 nam
640 1395 820 1450 praefatis
841 1393 1011 1437 Eusebii
1031 1393 1169 1435 verbis
1191 1392 1381 1448 dialogus
1399 1392 1505 1434 indi-

77 1472 195 1507 catur
209 1477 334 1519 quem
352 1465 613 1507 Bardesanes
630 1464 871 1519 imperatori
896 1465 939 1506 L.
956 1466 1165 1505 Antonino
1189 1464 1285 1505 Vero
1305 1463 1503 1514 tradidit3

78 1535 183 1578 liber
204 1548 302 1577 vero
322 1549 342 1577 a
363 1536 591 1578 Curetonio
613 1535 751 1577 editus
775 1535 810 1577 is
833 1543 896 1576 est
915 1547 965 1577 ex
982 1547 1065 1589 quo
1088 1542 1187 1576 sunt
1208 1534 1438 1589 fragmenta
1462 1533 1504 1575 in

78 1607 390 1659 Proeparatione
418 1609 644 1659 evanqelica
677 1606 861 1661 prolata,
892 1605 943 1647 de
975 1605 1127 1660 quibus
1160 1605 1270 1647 idem
1298 1604 1506 1647 Eusebius

77 1682 294 1737 sequentia
330 1682 546 1737 praemittit
583 1697 592 1724 ε
629 1676 874 1738 Βαρδεσάνης
907 1675 1025 1734 ὄνομα
1062 1675 1116 1735 τῷ
1142 1675 1264 1737 οἰνεῖρίἸ
1296 1675 1336 1726 ἔς
1365 1675 1405 1719 ἔν
1435 1689 1506 1726 τοῖς

69 1749 156 1807 πρὸς
169 1749 246 1796 τοὺς
260 1752 426 1808 ἑταίρους
439 1748 627 1807 διαλόγοις
641 1746 732 1790 τάδε
749 1765 799 1797 πη
814 1750 1085 1804 μνημονεύεται
1099 1754 1230 1807 φάναιἿ
1252 1751 1506 1793 Bardesanes

69 1823 209 1875 isfuit
241 1836 359 1875 quem
389 1825 432 1863 in
463 1825 571 1870 suis,
606 1836 708 1876 quos
740 1825 793 1863 acl
821 1824 948 1863 socios
980 1824 1143 1874 scripsit
1175 1823 1374 1874 dialoqis,
1399 1825 1506 1864 hunc

67 1894 113 1934 in
136 1895 299 1935 modum
317 1895 599 1946 philosophari
620 1900 849 1934 memorant
881 1892 938 1948 (3).
972 1891 1057 1933 lllic
1081 1905 1179 1947 ergo
1203 1892 1254 1934 ad
1280 1892 1506 1948 imperato-

72 1976 158 2007 rem
179 1965 301 2007 verba
328 1965 487 2014 facere,
508 1965 573 2007 hic
603 1964 728 2007 sociis
754 1963 936 2019 colloqui
956 1963 1109 2006 dicitur
1133 1963 1406 2006 Bardesanes.
1432 1966 1506 2006 At-

117 2091 158 2132 (¹)
184 2089 252 2122 Cfr.
276 2089 502 2133 Specileyium
527 2090 701 2132 syriacum
718 2116 726 2127 ,
754 2091 984 2132 «containing
1004 2092 1150 2123 remains
1170 2092 1207 2124 of
1222 2092 1387 2124 Bar-desan
1402 2116 1410 2128 ‚
1439 2092 1506 2123 Me-

74 2146 181 2186 liton‚
209 2146 370 2178 Ambrose
404 2147 468 2178 and
509 2147 598 2179 Mara
637 2148 697 2179 bar
730 2147 919 2188 Serapion,
952 2156 1027 2179 now
1066 2147 1135 2179 first
1174 2148 1314 2186 edited‚
1342 2148 1423 2179 with
1464 2156 1506 2179 an

71 2203 201 2243 english
230 2203 426 2234 translation
460 2203 524 2234 and
559 2208 674 2240 notes,
706 2191 830 2244 by'ihe
856 2204 934 2236 Rev.
962 2204 1110 2236 William
1139 2205 1310 2241 Cureton,
1338 2205 1380 2235 M.
1408 2205 1442 2235 Α.
1471 2205 1505 2236 F.

72 2258 109 2291 R.
147 2260 179 2291 S.
216 2259 372 2300 chaplain
410 2261 444 2291 in
479 2260 637 2301 ordinary
674 2265 707 2292 to
745 2261 802 2292 the
828 2269 962 2301 queen,
991 2268 1102 2293 rector
1127 2262 1163 2293 of
1186 2262 1233 2293 St.
1261 2263 1427 2301 Margaret
1451 2261 1502 2298 ‘s‚

72 2317 137 2349 and
152 2326 257 2350 canon
276 2317 313 2349 of
327 2317 577 2350 Westminster.
604 2319 740 2351 London
757 2344 765 2357 ‚
787 2320 922 2351 Francis
944 2320 1010 2351 and
1027 2320 1113 2351 John
1135 2320 1315 2360 Rivington
1330 2343 1337 2357 ‚
1358 2320 1405 2351 St.
1426 2318 1506 2350 Paul

72 2379 100 2407 ’s
138 2374 346 2415 churchyard
381 2375 447 2407 and
482 2375 656 2408 Waterloo
684 2376 790 2417 place.
822 2378 951 2409 1855.»
982 2387 1035 2418 pp.
1064 2385 1135 2407 1-v1.
1164 2394 1208 2399 —
1235 2377 1367 2408 Titulus
1393 2375 1506 2416 operis

74 2437 108 2468 in
148 2445 206 2468 ms.
235 2436 350 2468 musaei
388 2437 568 2469 britannici
598 2439 724 2476 14‚658
750 2439 827 2470 add.
855 2439 882 2471 is
907 2445 958 2471 est
998 2432 1181 2479 eikon-l?
1216 2427 1365 2478 isio-{022
1396 2431 1504 2475 lam:

75 2494 109 2526 h.
134 2503 163 2525 e.
190 2494 273 2526 liber
297 2494 409 2536 legum
433 2494 622 2537 reqionum.

123 2552 168 2593 (2)
195 2551 264 2583 Lib.
293 2552 356 2591 Ν,
383 2560 456 2594 cap.
483 2553 526 2584 50
543 2577 552 2591 ,
588 2553 678 2593 apud
705 2553 826 2593 Migne,
854 2552 987 2585 Patr-oi.
1025 2563 1126 2595 qroec.
1155 2559 1234 2585 tom.
1262 2554 1339 2589 XX,
1369 2563 1398 2594 p.
1425 2552 1505 2584 40¹.

122 2613 163 2653 (5)
188 2609 303 2652 Proep.
331 2620 450 2653 evany.
478 2611 535 2642 lib.
565 2611 618 2648 Vl,
646 2619 718 2651 cap.
746 2611 786 2648 9,
814 2612 903 2652 apud
931 2612 1052 2651 ⁴vigne,
1082 2617 1163 2643 tom.
1186 2611 1252 2643 XX!
1270 2636 1278 2649 ‚
1306 2621 1337 2652 p.
1366 2611 1446 2642 464.
