1931 3239
663 173 797 199 JACOBI
822 175 962 201 SARUG.
991 176 1095 202 VITA.
1554 175 1596 205 83

163 268 280 304 satus
320 273 378 304 es.
418 262 611 304 Extende
656 262 871 306 dexteram
921 273 1032 308 tuam
1072 274 1114 309 et
1160 275 1376 317 sustenta,
1411 277 1456 312 ut
1490 271 1595 327 erigi

166 344 356 398 possint,
393 357 466 386 eos
494 344 565 399 qui
601 345 845 387 ceciderunt
873 355 913 389 et
944 360 1016 402 per
1050 348 1351 392 relaxationem
1386 363 1504 393 suam
1533 365 1596 394 sa-

164 433 271 467 tanae
322 425 550 481 mancipati
616 426 819 469 existunt.
868 428 1062 471 Extende
1113 430 1328 474 dexteram
1380 441 1519 483 tuam,
1554 441 1596 476 et

164 507 412 558 obumbret,
444 514 562 563 pater
595 516 740 551 noster
760 541 769 556 ,
797 509 1016 552 animabus
1051 512 1234 560 nostris,
1264 525 1314 555 ne
1338 514 1595 556 seducantur

163 602 183 630 a
224 596 366 631 satana
402 589 472 644 qui
503 589 724 632 nobiscum
762 590 984 646 praeliatur.

219 971 411 1013 Extende
449 970 665 1013 dexteram
704 979 845 1020 tuam,
878 980 918 1013 et
953 983 1028 1013 nos
1072 972 1183 1014 inter
1215 985 1314 1015 oves
1347 974 1485 1029 gregis
1533 976 1591 1017 tui

157 1055 364 1098 collocare
391 1055 577 1112 digneris
594 1087 604 1104 ,
629 1063 672 1097 ut
695 1063 736 1097 et
768 1068 870 1103 nos,
896 1057 1005 1098 sicut
1030 1056 1133 1106 illae,
1161 1059 1232 1100 tibi
1261 1058 1419 1101 dociles
1440 1059 1591 1102 efficia-

157 1152 262 1181 mur.
296 1138 489 1181 Extende
533 1138 749 1180 dexteram
798 1145 936 1186 tuam,
984 1139 1265 1194 pestilentiam
1298 1154 1318 1182 a
1352 1154 1478 1197 grege
1518 1150 1588 1185 tuo

155 1233 297 1263 arceas
336 1220 444 1263 sicut
474 1227 623 1276 potens
662 1220 826 1276 Moyses
858 1229 898 1263 et
927 1223 1067 1263 Aaron
1102 1220 1290 1264 illustris.

213 1423 407 1474 Extende
432 1422 646 1465 dexteram
672 1430 783 1464 tuam
805 1430 846 1464 et
870 1421 1047 1465 benedic
1073 1421 1322 1466 habitationi
1347 1432 1428 1466 tuae
1455 1424 1586 1466 hono-

156 1506 275 1549 rabili
304 1506 347 1548 in
379 1519 460 1561 qua
498 1505 717 1562 reponitur
749 1518 843 1562 pars
878 1506 1011 1548 sancti
1055 1506 1112 1548 tui
1152 1506 1355 1562 corporis.
1393 1507 1586 1550 Extende

153 1590 369 1632 dexteram
417 1596 531 1632 tuam
573 1597 614 1632 et
658 1589 835 1632 benedic
880 1589 993 1631 illius
1025 1590 1340 1638 sacerdotibus,
1375 1590 1584 1641 diaconis,

151 1673 393 1723 monachis,
435 1672 684 1728 praesulibus
720 1680 761 1715 et
794 1672 972 1715 ducibus
992 1705 1002 1722 ,
1033 1673 1321 1723 curatoribus,
1351 1674 1583 1725 ministris,

151 1754 316 1797 aedituis
339 1755 588 1810 itemque...
612 1767 718 1810 quos
738 1755 1060 1798 commendatos
1082 1755 1214 1797 voluit
1244 1757 1348 1798 Deus
1377 1756 1584 1799 ministris

153 1837 335 1879 Domini.
367 1838 560 1880 Extende
591 1838 806 1880 dexteram
842 1846 982 1887 tuam,
1016 1846 1058 1880 et
1092 1837 1269 1880 benedic
1305 1850 1451 1881 eorum
1486 1851 1582 1882 cum

151 1920 511 1970 habitationibus,
549 1928 634 1962 tum
674 1920 892 1976 personis,
925 1920 994 1975 qui
1030 1933 1178 1976 magna
1216 1920 1504 1964 sollicitudine
1542 1930 1584 1964 et

151 2015 249 2045 cura
285 2015 381 2060 erga
414 2002 627 2045 habitores
660 2003 780 2045 istius
808 2005 1048 2045 monasterii
1074 2011 1271 2058 aguntur.
1296 1999 1413 2046 Bona
1438 2004 1580 2046 virtuti

150 2096 296 2128 eorum
326 2084 536 2134 retribue,
567 2091 684 2140 pater
712 2084 958 2133 benedicte,
980 2092 1021 2126 et
1052 2097 1125 2139 per
1144 2084 1357 2127 orationes
1382 2092 1475 2127 tuas
1503 2086 1582 2128 sub

149 2166 225 2209 alis
271 2166 352 2209 tuis
391 2173 585 2222 protege,
626 2179 650 2208 o
696 2174 836 2221 pater,
875 2167 1116 2208 sacerdotes
1157 2166 1340 2222 regionis
1383 2174 1465 2208 tuae
1499 2167 1583 2222 (cui

197 2350 225 2372 v.
253 2341 330 2373 565.
356 2335 521 2379 Lag-2⁷20
538 2341 679 2373 deestin
693 2341 819 2373 lexicis.
840 2342 955 2373 Forma
973 2346 1023 2373 est
1041 2350 1057 2372 a
1079 2335 1152 2377 με
1179 2339 1362 2383 oeclificavic
1386 2341 1582 2373 derivanda.

197 2418 224 2440 v.
250 2409 328 2441 564.
356 2410 476 2442 Vocem
504 2418 606 2442 unam
635 2410 747 2450 legere
773 2418 838 2442 non
865 2409 956 2450 potui
973 2419 1036 2446 ;—
1055 2409 1175 2440 dubito
1203 2408 1328 2448 pariter
1356 2414 1468 2439 utrum
1489 2413 1581 2440 recte

147 2473 348 2513 sumpserim
366 2465 504 2526 Qb
521 2495 528 2502 .

196 2540 225 2561 v.
253 2530 329 2563 567.
356 2530 491 2562 Rectius
522 2530 609 2562 forte
631 2539 690 2571 pro
707 2529 829 2561 virtuti
846 2538 961 2560 eorum
980 2533 1169 2561 verteretur
1188 2537 1195 2559 :
1214 2535 1329 2558 eorum
1353 2525 1582 2565 celsitudini,

148 2588 270 2630 gallice
296 2598 302 2619 :
332 2589 354 2621 ὰ
380 2589 469 2620 leurs
498 2587 719 2620 Eaecellences.
745 2589 826 2620 Vide
847 2597 946 2630 supra
975 2597 1023 2619 vv.
1054 2588 1118 2619 156
1144 2592 1177 2619 et
1203 2587 1280 2619 345.
