1931 3239
630 146 765 172 JACOBI
791 145 933 173 sARUG.
963 146 1069 172 vim.
1514 138 1574 172 103

144 238 301 269 sanctus
326 233 492 267 Jacobus
515 231 554 265 in
582 231 748 266 eeclesia
772 232 958 274 obtinuit;
983 241 1069 276 quae
1098 232 1279 276 quaestio,
1305 231 1351 266 ad
1380 233 1577 267 Actorum

143 288 356 331 scriptores
379 285 537 330 proprie
560 289 739 328 spectans
755 312 763 325 ,
783 295 806 319 a
829 287 922 320 Rev.
949 287 989 320 Ρ.
1016 287 1199 330 Matagne
1216 285 1385 321 dilucide
1408 296 1518 330 aeque
1536 293 1574 321 et

144 341 255 375 docte
271 340 467 383 disputata
491 342 549 372 est
565 337 696 372 verbis
710 365 718 379 ,
747 347 832 381 quae
851 339 913 373 hic
931 349 976 373 eo
999 340 1125 383 magis
1142 340 1294 384 integre
1310 341 1478 376 recitare
1496 342 1577 385 pla-

144 397 216 434 cet,
232 391 331 437 quod
345 391 393 425 ad
406 400 452 425 ea
465 390 734 425 confirmanda
744 390 976 433 inserviant,
991 402 1077 436 quae
1094 402 1186 427 mox
1199 393 1287 437 ipsi,
1303 393 1368 428 ubi
1383 393 1429 428 de
1442 396 1460 429 J
1465 395 1576 430 acobi

144 444 374 482 orthodoxia
391 452 520 478 sermo
538 443 630 485 erit,
650 453 786 478 sumus
805 443 958 479 dicturi.
978 459 994 472 u
1006 446 1255 481 AMaronitis
1274 446 1388 481 hodie
1406 447 1455 482 ad
1473 448 1577 483 diem

144 515 161 528 ι.»
185 500 205 534 5
221 497 355 542 aprilis
371 523 379 538 ,
399 505 422 530 a
437 495 644 537 Jacobitis,
666 496 731 539 qui
756 496 952 532 immerito
982 498 1244 532 orthodoxum
1272 498 1473 534 doctorem
1503 501 1577 535 sibi

145 566 162 580 «ι
186 549 384 586 vindicant
400 577 408 591 ,
429 549 563 584 diebus
582 549 625 583 29
636 549 758 593 junii,
776 551 820 585 29
834 550 925 594 julii
942 554 979 585 et
994 551 1038 585 29
1054 551 1225 586 octobris
1242 552 1396 588 colitur.
1415 555 1577 589 Armeni

143 619 160 633 ιε
183 613 278 639 vero
296 603 343 638 ad
360 603 463 638 diem
479 604 522 638 25
536 604 770 647 septembris
788 609 966 639 sanetum
983 605 1211 649 episcopum
1231 607 1495 650 Sarugensem
1518 618 1578 644 re·

142 673 159 686 u
183 658 334 700 colunt,
361 662 403 692 ut
425 657 561 692 videre
585 663 643 693 est
668 659 770 703 apud
794 660 1069 695 Assemanium
1097 664 1135 694 et
1163 661 1415 697 Auelierium.
1449 663 1576 698 Satius

142 726 159 740 u
183 711 314 755 utique
357 711 494 746 fuisset
524 712 741 747 Maronitas
789 713 1003 748 catholicos
1045 714 1154 758 sequi
1173 741 1182 755 ,
1222 724 1339 758 quam
1380 717 1576 752 Jacobitas

143 779 160 793 u
184 764 465 807 heterodoxos3
484 765 563 807 sed,
582 769 624 800 ut
640 770 775 801 notum
793 770 874 808 est,
893 766 933 800 in
950 772 1085 802 nostro
1102 777 1220 811 opere
1238 768 1443 803 historiam
1462 780 1573 805 sanc-

144 833 160 846 «
185 822 316 852 torum
339 828 504 853 narrare
531 819 703 862 primum
720 819 957 854 intendimus
981 823 1037 863 et,
1067 821 1246 864 quamvis
1279 826 1322 856 ut
1358 822 1573 865 plurimum

142 886 159 900 κ
183 871 493 907 orthodoxorum
507 878 544 907 et
557 874 754 918 praecipue
773 874 938 910 Romani
953 875 1228 919 Martyrologii
1246 876 1424 911 ordinem
1440 886 1576 921 sequa-

141 940 157 954 κ
182 935 271 960 mur
283 953 291 967 ‚
311 927 685 962 commentariorum
704 933 834 962 tamen
852 928 995 963 seriem
1013 928 1187 963 historiae
1205 929 1361 964 utilitati
1378 930 1574 966 inservire

142 994 158 1008 u
177 980 381 1026 jubemus,
406 985 443 1015 et
468 990 624 1015 omnem
648 981 814 1015 libenter
830 986 1032 1025 captamus
1055 982 1324 1024 occasionem,
1343 987 1386 1017 ut
1401 983 1574 1019 defectus

139 1049 157 1063 κ
181 1035 311 1079 operis
339 1031 550 1079 aliquando
569 1036 850 1070 resarciantur.
872 1038 1035 1071 Demum
1061 1037 1277 1072 notandum
1300 1043 1359 1072 est
1380 1038 1420 1072 in
1438 1039 1573 1074 kalen-

138 1103 155 1117 u
180 1089 279 1124 darii
315 1091 448 1125 Romae
482 1099 584 1124 anno
623 1090 703 1124 1624
728 1090 821 1124 editi
846 1090 966 1124 latina
989 1091 1267 1133 translatione,
1293 1101 1411 1135 quam
1440 1094 1573 1127 Romae

139 1156 156 1170 u
181 1142 330 1186 aceepit
353 1143 646 1186 papebrochius
662 1170 671 1185 ,
697 1153 726 1178 s.
752 1143 941 1178 Jacobum
964 1153 1044 1177 non
1068 1144 1265 1178 nominari
1290 1145 1339 1179 ad
1362 1147 1383 1179 5
1407 1146 1546 1189 aprilis
1562 1173 1571 1188 ,

139 1211 156 1225 ει
181 1196 284 1241 quod
312 1197 468 1241 quidem
489 1197 661 1241 primum
685 1197 800 1232 valde
825 1197 1019 1240 mirabar,
1046 1203 1085 1233 at
1110 1198 1220 1233 brevi
1244 1198 1442 1241 intellexi,
1471 1204 1573 1243 post-

140 1265 158 1279 cc
183 1260 299 1294 quam
328 1251 508 1286 manibus
536 1251 694 1286 versavi
724 1252 897 1286 Faustini
926 1251 1089 1286 Naironi
1117 1253 1324 1287 Maronitae
1352 1254 1574 1297 Euoplz'ctm

139 1319 155 1332 ιε
180 1306 292 1348 fidei.
324 1305 423 1340 Hine
451 1305 555 1340 enim
572 1305 653 1339 vidi
671 1315 773 1340 anno
801 1306 883 1340 1624
901 1305 996 1349 ipsis
1022 1307 1229 1341 Maronitis
1256 1316 1336 1341 non
1353 1307 1468 1351 plane
1485 1318 1572 1352 per-

139 1374 156 1389 ιε
181 1365 354 1405 spectam
370 1361 492 1396 fuisse
508 1361 649 1395 Jacobz'
671 1361 905 1405 Sarugensis
923 1361 1146 1405 historiam,
1165 1372 1285 1406 quum
1302 1363 1341 1397 in
1359 1363 1441 1407 eius
1459 1368 1573 1399 aetate

138 1431 156 1445 ει
181 1416 402 1452 definienda
416 1445 425 1459 ,
449 1420 487 1451 et
511 1416 717 1451 laudandis
735 1416 920 1460 operibus
933 1443 941 1457 ,
969 1426 1049 1451 non
1066 1417 1160 1452 satis
1178 1417 1392 1461 distinguat
1408 1428 1494 1462 quae
1512 1419 1571 1453 ad

138 1484 155 1498 u
179 1470 368 1505 Jacobum
386 1469 627 1505 Edessenum
641 1474 678 1504 et
690 1469 738 1503 ad
756 1470 1018 1513 Sarugensem
1036 1470 1253 1513 pertinent,
1272 1471 1334 1505 vir
1351 1471 1487 1506 doctus
1504 1472 1571 1516 qui

138 1540 155 1553 «ι
180 1534 283 1560 anno
305 1526 386 1561 1694
401 1527 533 1561 Romae
549 1534 663 1560 suum
680 1534 778 1568 opus
796 1524 926 1559 edidit.
944 1526 986 1558 In
1003 1524 1238 1559 kalendario
1256 1525 1348 1559 anni
1370 1526 1469 1568 1624,
1488 1526 1571 1561 lau-

140 1594 157 1608 u
182 1579 297 1614 datur
322 1579 371 1614 ad
399 1579 503 1614 diem
523 1580 566 1613 27
587 1579 762 1623 ‚januarii
784 1588 874 1614 cum
899 1579 1106 1623 Ephraemo
1129 1579 1297 1614 Jacobus
1328 1579 1545 1615 Edessenus
1560 1607 1569 1621 ‚

137 1648 155 1661 ιε
180 1634 283 1678 quod
321 1635 480 1668 omnino
506 1634 688 1678 congruit
717 1634 788 1676 iis,
821 1644 907 1678 quae
940 1644 989 1669 ex
1019 1634 1306 1669 Maronitarum
1334 1634 1568 1669 Kalendario

139 1701 156 1715 ιε
181 1687 296 1722 affert
313 1687 522 1723 Naironus.
542 1689 590 1723 At
606 1693 698 1732 puto
722 1697 772 1722 ex
788 1687 1012 1731 ignorantia
1035 1686 1276 1722 Edessenum
1298 1687 1378 1722 illic
1394 1688 1570 1723 nomina-

137 1756 154 1770 u
179 1746 261 1777 tum
277 1741 421 1785 fuisse,
447 1747 484 1777 et
507 1751 579 1786 pro
605 1741 801 1777 Edesseno
828 1743 1090 1785 Sarugensem
1115 1741 1253 1785 reponi
1278 1746 1472 1785 oportere.
1497 1743 1570 1777 Re-

136 1811 154 1825 a
179 1796 372 1831 centiores
400 1805 494 1840 ergo
512 1796 767 1831 institutionis
785 1800 887 1830 esset
913 1795 1056 1830 festum
1083 1795 1159 1829 diei
1185 1796 1207 1830 5
1234 1795 1388 1839 aprilis,
1418 1800 1456 1830 et
1484 1799 1572 1840 post

136 1864 152 1878 u
179 1849 342 1885 Naironi
360 1849 575 1885 admissum
592 1853 782 1893 tempora.
797 1865 814 1878 n
