1931 3239
563 496 1070 577 APPENDIGES.

606 811 859 857 Appendix
886 810 1045 857 prim·-

466 943 515 968 DE
554 943 749 969 SYRORUM
786 944 924 970 METRO
964 944 1012 969 ET
1053 937 1177 970 POESI.

166 1065 196 1106 l.
232 1065 431 1107 Testatur
458 1077 492 1107 s.
524 1064 717 1119 Ephraem
763 1064 807 1121 (1)
846 1062 1129 1108 Bardesanem
1169 1065 1428 1121 gnosticum,
1458 1078 1540 1120 quo

105 1137 265 1180 facilius
306 1137 486 1193 gentiles
524 1150 625 1179 suos
651 1137 917 1180 dementaret
953 1138 1090 1192 iisque
1125 1138 1281 1181 erroris
1317 1138 1381 1180 sui
1415 1151 1538 1180 vene-

104 1223 204 1252 num
256 1209 480 1251 dulcedine
531 1208 669 1263 aliqua
720 1217 1000 1265 temperatum
1035 1210 1300 1265 propinaret,
1337 1210 1534 1253 Davidem

102 1280 344 1330 imitatum,
378 1280 624 1335 dogmatum
669 1292 842 1322 suorum
880 1280 1190 1336 expositionem
1243 1281 1416 1336 poeticae
1459 1281 1544 1323 dic-

102 1352 230 1395 tionis
258 1354 403 1394 formae
429 1351 638 1407 alligasse.

164 1423 286 1465 Hunc
319 1435 416 1465 vero
452 1422 602 1478 agendi
643 1423 812 1465 modum
852 1423 942 1479 Syri
973 1436 1140 1478 quoque
1176 1423 1400 1465 orthodoxi
1435 1424 1541 1467 bene

103 1494 223 1537 multi
251 1495 384 1537 secuti
413 1502 535 1545 sunt;
564 1495 675 1537 inter
703 1508 823 1550 quos,
853 1508 946 1537 cum
978 1496 1113 1537 locum
1146 1496 1537 1550 praestantissimum

105 1574 244 1609 teneat
274 1566 456 1609 Jacobus
478 1566 754 1622 Samigeiisis,
783 1567 894 1609 haud
926 1568 999 1609 abs
1026 1580 1068 1609 re
1098 1567 1222 1609 fuerit
1246 1567 1539 1609 Dissertationi

103 1647 258 1680 nostrae
290 1638 341 1680 de
376 1637 500 1693 hujus
531 1638 611 1680 vita
648 1646 689 1680 et
718 1639 887 1695 scriptis
918 1639 1083 1681 brevem
1115 1639 1166 1681 de
1197 1639 1395 1694 Syrorum
1427 1639 1541 1693 poesi

106 1710 332 1752 adnectere
365 1709 722 1763 disquisitionem.

164 1781 214 1823 ll.
252 1780 391 1832 Quum
431 1780 632 1835 Syrorum
666 1794 733 1822 ars
766 1781 927 1836 poetica
965 1793 1014 1822 ex
1066 1781 1258 1823 hebraica
1292 1782 1544 1831 manaverit,

104 1851 228 1907 hujus
266 1852 551 1894 characterem
594 1852 709 1907 prius
753 1853 1019 1908 assignemus
1059 1859 1249 1907 oportet,
1304 1866 1386 1907 quo
1435 1853 1546 1895 illius

106 1923 270 1965 indoles
300 1930 426 1977 atque
460 1930 625 1965 textura
655 1923 817 1965 facilius
848 1922 1169 1978 perspiciantur.

165 1994 312 2037 Poesis
348 1993 513 2036 Veteris
553 1994 813 2035 Testamenti
848 2006 896 2036 ex
937 2002 1053 2048 parte
1088 1995 1225 2047 objecti
1263 1994 1326 2035 sui
1375 1995 1543 2050 proprie

105 2079 220 2108 sacra
266 2073 352 2115 θεῖς
397 2078 493 2106 nam
535 2065 730 2107 sensibus
775 2065 1009 2120 Religionis
1047 2072 1088 2106 et
1136 2065 1213 2120 piis
1256 2065 1406 2106 animae
1445 2078 1540 2121 erga

108 2138 241 2180 Deum
286 2136 505 2179 affectibus
548 2144 633 2178 tota
677 2136 932 2178 continetur.
972 2136 1359 2192 Hagiograpliorum
1403 2145 1543 2179 autem

105 2208 358 2263 scriptiones
389 2220 480 2262 quae
516 2208 596 2249 liuc
635 2208 875 2250 reseruntur
910 2209 1100 2249 didactici
1130 2215 1200 2249 aut
1230 2209 1349 2258 lyrici
1377 2208 1543 2262 generis

74 2310 76 2312 ψ
108 2287 230 2327 sunt,
267 2287 307 2321 et
346 2279 496 2321 crebro
534 2292 662 2321 unum
700 2292 793 2322 cun]
834 2280 966 2322 altero
1004 2278 1303 2334 conjungitur-3
1341 2287 1545 2320 vocantur

107 2372 205 2402 vero
233 2351 322 2416 '’1¹⁸1ss
364 2367 406 2402 et
442 2348 547 2421 3227?
587 2355 647 2412 (2).

153 2508 200 2550 (4)
226 2507 314 2550 Opp.
345 2512 425 2540 tom.
454 2508 499 2545 ll,
530 2508 655 2548 hymno
684 2505 748 2542 55,
778 2513 849 2545 pag,
881 2504 959 2537 555.

157 2570 200 2610 (ει)
227 2569 296 2602 Csr.
321 2568 340 2601 Ι
362 2569 442 2613 Ray.
475 2568 526 2606 V,
562 2568 603 2600 1⁶2
631 2575 639 2599 :
675 2561 793 2613 πνέῃ-ῃ
816 2562 907 2607 insui
930 2568 1010 2612 τις-,τ
1037 2556 1118 2610 huj}
1151 2554 1269 2611 Ε’πεξιῇ
1302 2555 1417 2602 raihta*
1445 2566 1552 2610 agi-333.

109 2622 217 2677 ἣξέξᾎ.
250 2631 284 2662 ln
312 2631 407 2672 Vulg.
435 2629 491 2662 ΙΙΙ
515 2629 596 2673 Req.
621 2627 686 2667 IV,
710 2630 752 2661 52
782 2611 792 2659 :U
827 2629 992 2660 «locutus
1026 2632 1077 2659 est
1110 2635 1246 2667 quoque
1273 2625 1459 2665 (Salomon)
1486 2626 1549 2656 tria

108 2687 213 2719 millia
240 2685 424 2728 parabolas
450 2691 485 2718 et
510 2685 648 2718 fuerunt
670 2684 829 2716 carmina
851 2684 924 2724 ejus
948 2683 1100 2724 quinque
1126 2686 1159 2714 et
1184 2680 1323 2713 mille.»
