1931 3239
382 170 515 196 Jacom
543 170 684 195 sance.
712 169 915 195 Dor-,TRINA
943 169 990 195 DE
1021 170 1053 194 Β.
1082 169 1118 193 v.
1147 169 1188 194 Μ.
1441 162 1494 195 191

65 260 338 318 professionIS
388 267 527 315 partes
581 260 789 315 pertinet,
838 272 960 315 quae,
1009 273 1101 302 cum
1154 259 1307 302 suerint
1345 274 1366 303 a
1413 261 1500 304 Deo

64 331 276 379 revelatae,
319 331 370 372 ab
421 330 523 385 ipsis
568 330 739 385 quidem
786 330 983 372 Ecclesiae
1018 331 1288 386 primordiis,
1327 331 1415 374 viva
1459 340 1501 374 et

18 405 23 408 '
63 403 246 460 generali
286 401 512 444 traditione
548 398 635 443 noti
665 401 821 443 servari
861 415 1076 456 nunquam
1114 415 1199 444 non
1234 411 1428 458 poterant
1460 411 1501 445 et

63 473 248 523 doceri,
277 485 370 528 quae
422 479 561 514 tamen
608 485 628 514 a
675 471 851 527 singulis
892 473 1087 515 fidelibus
1130 487 1215 515 non
1254 487 1421 529 semper
1461 483 1502 517 et

64 545 245 599 ubique,
284 549 355 585 aut
394 542 542 585 saltem
600 555 684 584 non
732 542 892 585 directe
925 551 967 585 et
1004 543 1200 598 explicite
1235 545 1501 587 tenebantur.

63 616 170 659 Hinc
200 615 311 657 inter
345 614 573 669 scriptores
598 614 907 656 ecclesiasticos
938 615 1007 670 qui
1040 615 1255 658 catholicae
1287 617 1501 665 veritatis,

61 700 142 743 qua
179 685 305 727 Maria
350 684 453 727 labis
484 684 700 740 originalis
739 697 890 739 expers
933 685 1161 735 asseritur,
1197 694 1313 729 certo
1347 688 1502 730 certius

62 757 226 815 patroni
258 764 495 799 noscuntur
524 769 572 798 ac
602 763 730 799 testes
749 789 758 805 ‚
794 756 952 812 duplex
980 757 1127 799 classis
1155 758 1318 800 secerni
1347 759 1502 808 debet;

61 828 130 871 alii
174 828 285 870 enim
329 834 514 870 mentem
566 841 684 869 suam
733 827 904 869 disertis
953 835 995 870 et
1045 828 1264 884 explicatis
1313 830 1503 872 terminis

60 906 404 957 proposuerunt,
435 898 504 940 alii
537 911 635 941 vero
661 898 853 940 formulis
886 898 1027 941 minus
1062 899 1275 941 distinctis
1305 908 1346 942 et
1376 901 1503 942 veluti

60 970 282 1019 mediatis,
313 981 405 1025 quae
451 976 590 1011 tamen
638 970 828 1011 eamdem
868 983 1040 1025 prorsus
1080 970 1203 1013 fidem
1245 971 1386 1013 animo
1422 972 1504 1014 alte

62 1041 231 1084 insitam
264 1041 500 1083 necessarie
531 1041 730 1096 produnt.
757 1041 848 1092 Qua
873 1042 1008 1096 posita
1040 1042 1338 1092 distinctione,
1359 1044 1503 1086 Jacobi

60 1111 304 1156 testimonia
349 1111 399 1153 ad
442 1119 702 1167 postremum
748 1113 788 1153 id
831 1126 965 1169 genus
1009 1114 1226 1156 referenda
1274 1115 1502 1167 existim03

60 1198 198 1240 neque
232 1185 345 1227 enim
390 1184 549 1233 ullum,
578 1185 613 1227 si
645 1185 815 1240 quidem
850 1185 892 1227 in
932 1194 1134 1229 contextu
1172 1188 1409 1238 sermonis,
1445 1189 1503 1229 uti

60 1263 252 1312 oportet,
293 1255 603 1311 inspiciantur,
645 1256 845 1311 explicito
890 1257 1016 1299 modo
1062 1258 1375 1301 immaculatum
1412 1258 1504 1300 Vir-

59 1329 169 1386 ginis
222 1336 473 1383 conceptum
528 1328 693 1371 videtur
736 1330 970 1372 adstruere.
1029 1330 1188 1380 Porro,
1244 1331 1322 1373 etsi
1367 1332 1503 1386 quoad

60 1400 193 1456 ipsam
234 1399 374 1441 Mariae
413 1399 619 1455 originem
655 1407 754 1442 sunt
791 1400 993 1455 implicita
1016 1433 1025 1449 ,
1056 1401 1161 1443 adeo
1198 1408 1338 1444 tamen
1371 1416 1501 1458 prona

59 1478 265 1527 apparent
305 1478 346 1514 et
386 1471 579 1527 expedita
599 1504 608 1520 ,
637 1479 682 1514 ut
711 1471 916 1527 quidquid
947 1480 1011 1515 est
1037 1474 1296 1516 macularum
1331 1482 1371 1517 et
1400 1475 1504 1517 labis

59 1543 111 1585 ab
147 1555 192 1585 ea
235 1555 409 1599 prorsus
441 1543 691 1593 excludant,
722 1553 763 1586 et
793 1544 1065 1599 opinionem,
1099 1558 1179 1600 qua
1208 1546 1284 1601 ipsi
1315 1559 1504 1589 cominu-

60 1613 127 1655 nis
154 1614 321 1669 generis
350 1614 483 1656 nostri
514 1622 731 1669 peccatum
762 1615 1049 1664 adscribatur,
1075 1616 1117 1657 in
1149 1617 1291 1659 animo
1321 1619 1505 1660 auctoris

59 1684 239 1727 tolerare
268 1685 442 1727 omnino
468 1698 549 1727 non
575 1685 720 1728 valeat.
746 1686 934 1728 Firmum
966 1687 1143 1742 proinde
1168 1695 1209 1730 et
1239 1688 1502 1744 exploratum

59 1756 253 1799 catholici
280 1756 490 1812 dogmatis
519 1764 816 1813 argumentum
847 1758 889 1799 in
924 1758 973 1799 iis
1009 1767 1160 1813 praesto
1188 1760 1379 1801 habetur.
1413 1761 1505 1803 Sul'-

61 1827 208 1871 ficiunt
236 1828 337 1870 haec.
365 1830 443 1870 Ast
481 1828 564 1870 duo
592 1836 689 1871 sunt
723 1829 764 1871 iu
797 1829 983 1872 carmine
1010 1830 1052 1873 S.
1087 1831 1232 1874 Jacobi
1266 1845 1384 1886 quae,
1410 1846 1503 1875 cum

61 1900 159 1944 huic
194 1901 418 1943 sententiae
462 1901 595 1956 prima
638 1901 778 1945 sronte
829 1915 1061 1958 repugnare
1108 1903 1351 1954 videantur,
1391 1905 1506 1947 brevi

61 1973 301 2030 explatione
329 1972 537 2028 indigent.

122 2115 289 2158 Primus
341 2115 457 2157 locus
514 2115 582 2158 ille
629 2123 691 2157 est
736 2115 776 2156 in
822 2128 904 2170 quo
947 2115 1047 2158 dicit
1107 2116 1287 2158 ,lacobus
1335 2117 1506 2159 Mariam

56 2189 321 2240 purificatam
364 2188 491 2239 fuisse
530 2189 631 2229 sicut
660 2187 869 2228 Joltcmnes
899 2188 1100 2240 baptista,
1141 2189 1349 2229 Johmmes
1385 2202 1507 2230 evan-

61 2261 202 2311 qelista
242 2258 326 2313 (vel
371 2260 531 2301 Eliseus
574 2266 618 2301 ut
659 2259 701 2300 in
732 2259 825 2300 coil.
857 2259 990 2314 117),
1019 2260 1137 2301 Elias
1180 2267 1214 2301 et
1252 2262 1508 2302 Melchisedek·

66 2330 148 2386 (vv.
191 2333 280 2374 215
325 2338 368 2374 et
409 2332 539 2387 214).
588 2334 644 2373 At
681 2331 792 2373 enim
837 2331 934 2374 inde
983 2332 1176 2373 concludi
1216 2331 1309 2387 jure
1354 2334 1508 2388 poterit

62 2403 264 2446 Jacobum
314 2404 354 2446 in
403 2417 448 2446 ea
504 2404 672 2458 quidem
728 2404 936 2446 sententia
979 2403 1136 2451 fuisse,
1175 2412 1343 2446 sanctos
1397 2405 1507 2446 viros

60 2474 222 2530 justitia
265 2483 306 2518 et
341 2475 471 2531 gratia
516 2475 717 2518 habituali
763 2482 861 2517 ante
910 2475 1089 2517 donatos
1121 2488 1248 2530 quam
1280 2476 1320 2517 in
1369 2476 1503 2518 lucem

64 2547 315 2596 ederentur,
362 2560 627 2603 nequaquam
666 2560 793 2595 vero,
834 2559 906 2588 eos
950 2559 1068 2601 teque
1124 2560 1171 2589 ac
1220 2548 1506 2590 beatissimam

64 2617 277 2673 Virginem
317 2618 358 2659 in
402 2618 493 2673 ipso
539 2617 764 2660 creationis
809 2619 992 2660 instante
1035 2626 1308 2672 praeservatos
1350 2618 1502 2660 immw
