1931 3239
563 166 728 192 CARMEN
756 167 767 191 1
796 166 844 191 DE
871 167 904 192 B.
933 166 968 190 v.
999 166 1039 191 M.
1449 159 1512 192 222·

141 259 342 302 Mirabilis
376 259 452 302 suit
488 260 588 302 liora
625 259 721 308 illa,
752 273 832 315 qua
858 259 987 302 Maria
1024 260 1160 302 stabat
1189 273 1285 303 eum
1318 260 1511 304 Gabriele

82 342 339 398 colloquens.
368 342 476 385 Hinc
508 342 678 385 humilis
707 342 788 385 filia
828 343 870 384 in
899 356 1049 398 opum,
1080 343 1194 387 illinc
1223 344 1396 400 angelus
1430 344 1509 387 sibi

82 430 229 466 mutuo
274 424 563 475 obviaverunt,
606 432 647 468 et
692 437 778 467 rem
826 432 1076 468 enarrarunt
1121 438 1292 481 prorsus
1331 426 1510 469 admira-

80 504 220 548 bilem.

142 662 267 718 Virgo
314 676 412 718 pura
457 671 498 706 et
543 665 716 720 angelus
767 665 913 720 igneus
966 663 1214 708 mirabiliter
1251 665 1363 720 pacis
1404 673 1509 709 trac-

83 752 212 787 tatum
262 745 475 789 terricolas
514 746 625 790 inter
664 760 711 790 ac
742 747 903 791 coelites
945 747 1107 791 ineunt.
1140 748 1250 791 Hinc
1284 762 1365 791 una
1399 748 1509 792 inter

80 826 305 879 mulieres,
341 827 457 871 illinc
496 829 758 872 exercituum
789 829 874 872 dux
917 830 1052 873 foedus
1081 830 1132 874 de
1165 831 1507 875 reconciliatione

80 909 209 952 totius
236 910 382 953 mundi
417 919 690 968 pepegerunt.

141 1056 255 1098 lnter
289 1069 466 1112 superos
507 1064 549 1099 et
589 1057 747 1100 inferos
789 1058 873 1100 duo
917 1058 1121 1101 sedebant
1165 1074 1174 1100 ε
1217 1059 1344 1101 locuti
1383 1067 1511 1110 sunt,

78 1137 390 1189 auscultarunt,
411 1145 452 1181 et
469 1138 541 1180 irae
560 1139 768 1182 obnoxios
787 1140 1078 1183 reconciliatos
1098 1140 1343 1184 effecerunt.
1365 1142 1508 1185 Puella

79 1226 121 1261 et
159 1219 334 1276 angelus
374 1220 452 1262 sihi
496 1229 643 1263 mutuo
681 1221 956 1264 obviaverunt
997 1230 1039 1265 et
1078 1223 1295 1279 negotium
1343 1232 1511 1267 versant

81 1302 216 1346 donec
246 1302 505 1346 aboleverint
533 1303 850 1346 contentionem
877 1305 1045 1347 Domini
1079 1311 1120 1348 et
1150 1305 1314 1348 Adami.
1340 1307 1511 1350 Pertur-

80 1384 200 1428 bator
231 1397 408 1442 magnus
437 1386 507 1442 qui
534 1386 646 1429 hunc
675 1399 872 1431 corruere
905 1389 1058 1431 fecerat
1086 1387 1196 1431 inter
1225 1389 1396 1433 arbores
1426 1390 1511 1445 Jam

78 1467 168 1523 ipse
196 1468 469 1512 conculcatur
493 1476 534 1511 et
565 1469 740 1512 omnino
769 1469 1028 1521 devincitur,
1057 1471 1247 1526 factaque
1272 1479 1335 1515 est
1365 1485 1511 1516 recon-

77 1550 247 1595 ciliatio.

143 1699 372 1742 Terrestris
394 1706 436 1743 et
466 1699 653 1743 coelicola
684 1713 775 1744 sese
803 1714 899 1744 cum
931 1714 1073 1743 amore
1100 1701 1394 1757 alloquuntur,
1424 1714 1511 1745 ces-

81 1781 271 1837 savitque
298 1782 517 1825 contentio
550 1783 726 1825 duarum
759 1784 940 1839 partium
972 1785 1081 1826 inter
1104 1797 1149 1826 se
1177 1785 1509 1826 conciliatarum.

85 1865 372 1908 Permutatum
420 1864 496 1907 fuit
540 1872 706 1921 tempus
758 1866 912 1908 malum
953 1866 1063 1921 quod
1109 1867 1264 1910 occidit
1300 1868 1434 1910 Adam
1470 1875 1511 1911 et

84 1949 196 1992 venit
229 1948 341 1991 aliud
379 1956 545 2004 tempus
573 1949 756 1998 bonum,
795 1961 878 2004 quo
910 1949 1161 1992 resurreetio
1196 1949 1329 1992 fieret.

142 2076 255 2119 Loco
289 2075 499 2132 serpentis
534 2078 696 2129 avzeiqui
728 2075 911 2119 surrexit
943 2075 1110 2119 Gabriel
1140 2076 1191 2118 ad
1228 2076 1509 2132 loquendum,

81 2167 122 2202 et
151 2172 226 2216 pro
258 2160 371 2203 Heva
408 2160 597 2215 ingressa
629 2166 693 2202 est
725 2158 853 2201 Maria
885 2171 1125 2202 sermonem
1161 2159 1391 2216 excipiens.
1428 2162 1511 2204 Pro

81 2241 283 2284 mendace
323 2241 393 2297 qui
443 2240 605 2296 objecta
648 2240 881 2283 tentatione
925 2248 1104 2283 mortem
1154 2240 1343 2291 induxit,
1387 2254 1512 2285 verax

14 2348 17 2351 -
84 2323 265 2367 surrexit
304 2330 348 2366 ut
390 2322 514 2366 allato
549 2322 698 2365 nuntio
732 2322 858 2364 vitam
896 2321 1167 2377 praedicaret3
1200 2329 1242 2365 et
1271 2335 1345 2378 pro
1379 2332 1512 2368 matre

84 2412 199 2464 quae‘
227 2407 532 2450 subscribendo
572 2407 761 2449 debitum
804 2406 1015 2449 contraxit
1049 2405 1158 2448 inter
1193 2406 1387 2457 arbores,
1430 2408 1512 2452 filia

84 2492 224 2536 omnia
252 2491 403 2535 Adami
437 2491 566 2547 patris
594 2490 658 2533 sui
689 2490 827 2533 debita
857 2489 992 2532 solvit.
