<?xml version="1.0" encoding="UTF-8"?>
<!DOCTYPE html PUBLIC "-//W3C//DTD XHTML 1.0 Transitional//EN"
    "http://www.w3.org/TR/xhtml1/DTD/xhtml1-transitional.dtd">
<html xmlns="http://www.w3.org/1999/xhtml" xml:lang="en" lang="en">
 <head>
  <title>
</title>
<meta http-equiv="Content-Type" content="text/html;charset=utf-8" />
  <meta name='ocr-system' content='tesseract 3.04.00' />
  <meta name='ocr-capabilities' content='ocr_page ocr_carea ocr_par ocr_line ocrx_word'/>
</head>
<body>
  <div class='ocr_page' id='page_1' title='image "./devitaetscriptis00abbeuoft_0211.png"; bbox 0 0 1931 3239; ppageno 0'>
   <div class='ocr_carea' id='block_1_1' title="bbox 337 146 1525 179">
    <p class='ocr_par' dir='ltr' id='par_1_1' title="bbox 337 146 1525 179">
     <span class='ocr_line' id='line_1_1' title="bbox 337 146 1525 179; baseline 0.005 -6"><span class='ocrx_word' id='word_1_1' title='bbox 337 148 472 175; x_wconf 72' lang='lat' dir='ltr'>JACOBI</span> <span class='ocrx_word' id='word_1_2' title='bbox 497 149 638 176; x_wconf 63' lang='lat' dir='ltr'>SARL’G.</span> <span class='ocrx_word' id='word_1_3' title='bbox 667 149 866 176; x_wconf 70' lang='lat' dir='ltr'>DOCTRINA</span> <span class='ocrx_word' id='word_1_4' title='bbox 893 152 942 176; x_wconf 79' lang='lat' dir='ltr'>DE</span> <span class='ocrx_word' id='word_1_5' title='bbox 968 151 1281 178; x_wconf 65' lang='lat' dir='ltr'>INFARNATIONE.</span> <span class='ocrx_word' id='word_1_6' title='bbox 1467 146 1525 179; x_wconf 59' lang='lat'>1813</span> 
     </span>
    </p>
   </div>
   <div class='ocr_carea' id='block_1_2' title="bbox 85 241 1526 2446">
    <p class='ocr_par' dir='ltr' id='par_1_2' title="bbox 96 241 1522 371">
     <span class='ocr_line' id='line_1_2' title="bbox 100 241 1522 298; baseline 0.006 -16"><span class='ocrx_word' id='word_1_7' title='bbox 100 248 220 296; x_wconf 87' lang='lat' dir='ltr'>pacto</span> <span class='ocrx_word' id='word_1_8' title='bbox 240 273 249 291; x_wconf 90' lang='lat'>,</span> <span class='ocrx_word' id='word_1_9' title='bbox 286 248 330 283; x_wconf 90' lang='lat' dir='ltr'>ut</span> <span class='ocrx_word' id='word_1_10' title='bbox 357 241 413 283; x_wconf 92' lang='lat' dir='ltr'>ait</span> <span class='ocrx_word' id='word_1_11' title='bbox 444 242 486 284; x_wconf 90' lang='lat' dir='ltr'>S.</span> <span class='ocrx_word' id='word_1_12' title='bbox 517 242 700 285; x_wconf 80' lang='lat' dir='ltr'>Thomas</span> <span class='ocrx_word' id='word_1_13' title='bbox 731 243 805 298; x_wconf 89' lang='lat'>(1),</span> <span class='ocrx_word' id='word_1_14' title='bbox 839 244 1041 286; x_wconf 88' lang='lat' dir='ltr'>evertitur</span> <span class='ocrx_word' id='word_1_15' title='bbox 1076 245 1178 287; x_wconf 80' lang='lat' dir='ltr'>tides</span> <span class='ocrx_word' id='word_1_16' title='bbox 1208 246 1522 298; x_wconf 79' lang='lat' dir='ltr'>incarnationis,</span> 
     </span>
     <span class='ocr_line' id='line_1_3' title="bbox 96 311 1320 371; baseline 0.004 -17"><span class='ocrx_word' id='word_1_17' title='bbox 96 311 257 360; x_wconf 84' lang='lat' dir='ltr'>tollitur</span> <span class='ocrx_word' id='word_1_18' title='bbox 289 312 424 367; x_wconf 88' lang='lat' dir='ltr'>ipsum</span> <span class='ocrx_word' id='word_1_19' title='bbox 460 314 778 356; x_wconf 73' lang='lat' dir='ltr'>fundamentum</span> <span class='ocrx_word' id='word_1_20' title='bbox 816 314 1054 357; x_wconf 70' lang='lat' dir='ltr'>christianae</span> <span class='ocrx_word' id='word_1_21' title='bbox 1092 316 1320 371; x_wconf 77' lang='lat' dir='ltr'>religionis.</span> 
     </span>
    </p>

    <p class='ocr_par' dir='ltr' id='par_1_3' title="bbox 87 383 1526 1727">
     <span class='ocr_line' id='line_1_4' title="bbox 154 383 1525 443; baseline 0.005 -18"><span class='ocrx_word' id='word_1_22' title='bbox 154 383 244 425; x_wconf 85' lang='lat' dir='ltr'>Jam</span> <span class='ocrx_word' id='word_1_23' title='bbox 273 395 369 425; x_wconf 85' lang='lat' dir='ltr'>vero</span> <span class='ocrx_word' id='word_1_24' title='bbox 392 387 565 436; x_wconf 76' lang='lat' dir='ltr'>propria</span> <span class='ocrx_word' id='word_1_25' title='bbox 586 391 627 425; x_wconf 90' lang='lat' dir='ltr'>et</span> <span class='ocrx_word' id='word_1_26' title='bbox 647 387 919 436; x_wconf 71' lang='lat' dir='ltr'>proprietates</span> <span class='ocrx_word' id='word_1_27' title='bbox 942 394 1197 429; x_wconf 72' lang='lat' dir='ltr'>naturarum</span> <span class='ocrx_word' id='word_1_28' title='bbox 1217 421 1226 437; x_wconf 95' lang='lat'>,</span> <span class='ocrx_word' id='word_1_29' title='bbox 1257 402 1360 443; x_wconf 86' lang='lat' dir='ltr'>quas</span> <span class='ocrx_word' id='word_1_30' title='bbox 1391 391 1525 432; x_wconf 86' lang='lat' dir='ltr'>nomi-</span> 
     </span>
     <span class='ocr_line' id='line_1_5' title="bbox 96 454 1524 511; baseline 0.006 -15"><span class='ocrx_word' id='word_1_31' title='bbox 96 461 167 496; x_wconf 92' lang='lat' dir='ltr'>nat</span> <span class='ocrx_word' id='word_1_32' title='bbox 215 454 422 505; x_wconf 84' lang='lat' dir='ltr'>Jacobus,</span> <span class='ocrx_word' id='word_1_33' title='bbox 471 468 541 497; x_wconf 89' lang='lat' dir='ltr'>eas</span> <span class='ocrx_word' id='word_1_34' title='bbox 597 455 793 511; x_wconf 79' lang='lat' dir='ltr'>intelligit</span> <span class='ocrx_word' id='word_1_35' title='bbox 848 470 941 511; x_wconf 85' lang='lat' dir='ltr'>quae</span> <span class='ocrx_word' id='word_1_36' title='bbox 990 458 1039 499; x_wconf 88' lang='lat' dir='ltr'>ad</span> <span class='ocrx_word' id='word_1_37' title='bbox 1097 466 1256 501; x_wconf 85' lang='lat' dir='ltr'>naturae</span> <span class='ocrx_word' id='word_1_38' title='bbox 1307 460 1524 504; x_wconf 86' lang='lat' dir='ltr'>rationalis</span> 
     </span>
     <span class='ocr_line' id='line_1_6' title="bbox 94 525 1525 587; baseline 0.005 -20"><span class='ocrx_word' id='word_1_39' title='bbox 94 525 287 568; x_wconf 88' lang='lat' dir='ltr'>ultimum</span> <span class='ocrx_word' id='word_1_40' title='bbox 322 525 681 580; x_wconf 76' lang='lat' dir='ltr'>complementum</span> <span class='ocrx_word' id='word_1_41' title='bbox 715 534 785 568; x_wconf 87' lang='lat' dir='ltr'>aut</span> <span class='ocrx_word' id='word_1_42' title='bbox 813 527 973 570; x_wconf 79' lang='lat' dir='ltr'>directe</span> <span class='ocrx_word' id='word_1_43' title='bbox 1003 536 1222 584; x_wconf 88' lang='lat' dir='ltr'>spectant,</span> <span class='ocrx_word' id='word_1_44' title='bbox 1255 538 1325 572; x_wconf 88' lang='lat' dir='ltr'>aut</span> <span class='ocrx_word' id='word_1_45' title='bbox 1355 540 1525 587; x_wconf 87' lang='lat' dir='ltr'>propter</span> 
     </span>
     <span class='ocr_line' id='line_1_7' title="bbox 94 597 1525 655; baseline 0.004 -16"><span class='ocrx_word' id='word_1_46' title='bbox 94 597 204 640; x_wconf 88' lang='lat' dir='ltr'>istud</span> <span class='ocrx_word' id='word_1_47' title='bbox 251 597 300 640; x_wconf 88' lang='lat' dir='ltr'>ad</span> <span class='ocrx_word' id='word_1_48' title='bbox 347 597 458 639; x_wconf 88' lang='lat' dir='ltr'>illam</span> <span class='ocrx_word' id='word_1_49' title='bbox 509 598 763 640; x_wconf 87' lang='lat' dir='ltr'>referuntur.</span> <span class='ocrx_word' id='word_1_50' title='bbox 821 599 970 642; x_wconf 87' lang='lat' dir='ltr'>Merito</span> <span class='ocrx_word' id='word_1_51' title='bbox 1015 600 1190 655; x_wconf 80' lang='lat' dir='ltr'>proinde</span> <span class='ocrx_word' id='word_1_52' title='bbox 1235 600 1525 646; x_wconf 72' lang='lat' dir='ltr'>et&#39;catholice</span> 
     </span>
     <span class='ocr_line' id='line_1_8' title="bbox 91 669 1526 728; baseline 0.004 -18"><span class='ocrx_word' id='word_1_53' title='bbox 91 669 241 711; x_wconf 89' lang='lat' dir='ltr'>asserit</span> <span class='ocrx_word' id='word_1_54' title='bbox 273 669 551 724; x_wconf 80' lang='lat' dir='ltr'>proprietates</span> <span class='ocrx_word' id='word_1_55' title='bbox 584 669 624 710; x_wconf 86' lang='lat' dir='ltr'>in</span> <span class='ocrx_word' id='word_1_56' title='bbox 660 669 827 712; x_wconf 79' lang='lat' dir='ltr'>Christo</span> <span class='ocrx_word' id='word_1_57' title='bbox 860 683 942 712; x_wconf 90' lang='lat' dir='ltr'>non</span> <span class='ocrx_word' id='word_1_58' title='bbox 982 670 1038 713; x_wconf 89' lang='lat' dir='ltr'>ita</span> <span class='ocrx_word' id='word_1_59' title='bbox 1076 683 1170 714; x_wconf 88' lang='lat' dir='ltr'>esse</span> <span class='ocrx_word' id='word_1_60' title='bbox 1198 673 1453 728; x_wconf 83' lang='lat' dir='ltr'>separandas</span> <span class='ocrx_word' id='word_1_61' title='bbox 1484 683 1526 716; x_wconf 91' lang='lat' dir='ltr'>et</span> 
     </span>
     <span class='ocr_line' id='line_1_9' title="bbox 93 741 1523 799; baseline 0.003 -15"><span class='ocrx_word' id='word_1_62' title='bbox 93 741 245 796; x_wconf 82' lang='lat' dir='ltr'>cuique</span> <span class='ocrx_word' id='word_1_63' title='bbox 274 749 434 783; x_wconf 82' lang='lat' dir='ltr'>naturae</span> <span class='ocrx_word' id='word_1_64' title='bbox 465 741 752 791; x_wconf 87' lang='lat' dir='ltr'>vindicandas,</span> <span class='ocrx_word' id='word_1_65' title='bbox 793 750 834 784; x_wconf 90' lang='lat' dir='ltr'>ut</span> <span class='ocrx_word' id='word_1_66' title='bbox 871 755 964 798; x_wconf 84' lang='lat' dir='ltr'>quae</span> <span class='ocrx_word' id='word_1_67' title='bbox 993 743 1042 785; x_wconf 86' lang='lat' dir='ltr'>ad</span> <span class='ocrx_word' id='word_1_68' title='bbox 1069 757 1194 785; x_wconf 89' lang='lat' dir='ltr'>unam</span> <span class='ocrx_word' id='word_1_69' title='bbox 1231 745 1458 799; x_wconf 87' lang='lat' dir='ltr'>pertinent,</span> <span class='ocrx_word' id='word_1_70' title='bbox 1486 746 1523 788; x_wconf 90' lang='lat' dir='ltr'>ei</span> 
     </span>
     <span class='ocr_line' id='line_1_10' title="bbox 92 814 1524 869; baseline 0.003 -13"><span class='ocrx_word' id='word_1_71' title='bbox 92 814 251 869; x_wconf 80' lang='lat' dir='ltr'>absque</span> <span class='ocrx_word' id='word_1_72' title='bbox 283 814 365 856; x_wconf 89' lang='lat' dir='ltr'>ulla</span> <span class='ocrx_word' id='word_1_73' title='bbox 393 815 777 858; x_wconf 77' lang='lat' dir='ltr'>communicatione</span> <span class='ocrx_word' id='word_1_74' title='bbox 809 815 1074 858; x_wconf 83' lang='lat' dir='ltr'>substantiali</span> <span class='ocrx_word' id='word_1_75' title='bbox 1109 830 1203 859; x_wconf 87' lang='lat' dir='ltr'>cum</span> <span class='ocrx_word' id='word_1_76' title='bbox 1230 818 1402 860; x_wconf 89' lang='lat' dir='ltr'>alterius</span> <span class='ocrx_word' id='word_1_77' title='bbox 1425 820 1524 861; x_wconf 92' lang='lat' dir='ltr'>sub-</span> 
     </span>
     <span class='ocr_line' id='line_1_11' title="bbox 93 885 1523 945; baseline 0.003 -18"><span class='ocrx_word' id='word_1_78' title='bbox 93 885 286 928; x_wconf 84' lang='lat' dir='ltr'>sistentia</span> <span class='ocrx_word' id='word_1_79' title='bbox 323 886 586 937; x_wconf 87' lang='lat' dir='ltr'>tribuantur;</span> <span class='ocrx_word' id='word_1_80' title='bbox 615 887 702 928; x_wconf 84' lang='lat' dir='ltr'>haec</span> <span class='ocrx_word' id='word_1_81' title='bbox 736 886 848 928; x_wconf 89' lang='lat' dir='ltr'>enim</span> <span class='ocrx_word' id='word_1_82' title='bbox 882 887 1180 938; x_wconf 86' lang='lat' dir='ltr'>subsistentia,</span> <span class='ocrx_word' id='word_1_83' title='bbox 1220 901 1315 930; x_wconf 91' lang='lat' dir='ltr'>cum</span> <span class='ocrx_word' id='word_1_84' title='bbox 1349 889 1403 931; x_wconf 85' lang='lat' dir='ltr'>sit</span> <span class='ocrx_word' id='word_1_85' title='bbox 1434 890 1523 945; x_wconf 84' lang='lat' dir='ltr'>ipsa</span> 
     </span>
     <span class='ocr_line' id='line_1_12' title="bbox 91 955 1524 1016; baseline 0.004 -19"><span class='ocrx_word' id='word_1_86' title='bbox 91 956 218 999; x_wconf 81' lang='lat' dir='ltr'>Verbi</span> <span class='ocrx_word' id='word_1_87' title='bbox 263 955 391 998; x_wconf 90' lang='lat' dir='ltr'>divini</span> <span class='ocrx_word' id='word_1_88' title='bbox 439 969 645 1012; x_wconf 88' lang='lat' dir='ltr'>persona,</span> <span class='ocrx_word' id='word_1_89' title='bbox 692 969 784 1012; x_wconf 86' lang='lat' dir='ltr'>quae</span> <span class='ocrx_word' id='word_1_90' title='bbox 829 965 1052 1013; x_wconf 85' lang='lat' dir='ltr'>utramque</span> <span class='ocrx_word' id='word_1_91' title='bbox 1099 966 1290 1000; x_wconf 90' lang='lat' dir='ltr'>naturam</span> <span class='ocrx_word' id='word_1_92' title='bbox 1329 961 1432 1016; x_wconf 79' lang='lat' dir='ltr'>regit</span> <span class='ocrx_word' id='word_1_93' title='bbox 1482 970 1524 1003; x_wconf 87' lang='lat' dir='ltr'>et</span> 
     </span>
     <span class='ocr_line' id='line_1_13' title="bbox 91 1028 1523 1084; baseline 0.003 -13"><span class='ocrx_word' id='word_1_94' title='bbox 91 1028 296 1083; x_wconf 89' lang='lat' dir='ltr'>complet,</span> <span class='ocrx_word' id='word_1_95' title='bbox 322 1029 541 1084; x_wconf 90' lang='lat' dir='ltr'>utriusque</span> <span class='ocrx_word' id='word_1_96' title='bbox 580 1028 705 1070; x_wconf 89' lang='lat' dir='ltr'>etiam</span> <span class='ocrx_word' id='word_1_97' title='bbox 736 1029 1014 1084; x_wconf 86' lang='lat' dir='ltr'>proprietates</span> <span class='ocrx_word' id='word_1_98' title='bbox 1046 1030 1124 1072; x_wconf 90' lang='lat' dir='ltr'>sibi</span> <span class='ocrx_word' id='word_1_99' title='bbox 1153 1031 1336 1073; x_wconf 87' lang='lat' dir='ltr'>vindicat</span> <span class='ocrx_word' id='word_1_100' title='bbox 1363 1039 1404 1074; x_wconf 89' lang='lat' dir='ltr'>et</span> <span class='ocrx_word' id='word_1_101' title='bbox 1428 1047 1523 1076; x_wconf 88' lang='lat' dir='ltr'>vere</span> 
     </span>
     <span class='ocr_line' id='line_1_14' title="bbox 91 1099 1524 1157; baseline 0.005 -17"><span class='ocrx_word' id='word_1_102' title='bbox 91 1099 216 1141; x_wconf 86' lang='lat' dir='ltr'>efficit</span> <span class='ocrx_word' id='word_1_103' title='bbox 255 1111 348 1141; x_wconf 85' lang='lat' dir='ltr'>esse</span> <span class='ocrx_word' id='word_1_104' title='bbox 391 1112 510 1150; x_wconf 88' lang='lat' dir='ltr'>suas;</span> <span class='ocrx_word' id='word_1_105' title='bbox 547 1107 756 1154; x_wconf 85' lang='lat' dir='ltr'>quatenus</span> <span class='ocrx_word' id='word_1_106' title='bbox 795 1107 935 1142; x_wconf 87' lang='lat' dir='ltr'>autem</span> <span class='ocrx_word' id='word_1_107' title='bbox 976 1101 1121 1143; x_wconf 90' lang='lat' dir='ltr'>eadem</span> <span class='ocrx_word' id='word_1_108' title='bbox 1162 1115 1341 1157; x_wconf 86' lang='lat' dir='ltr'>persona</span> <span class='ocrx_word' id='word_1_109' title='bbox 1384 1105 1524 1148; x_wconf 86' lang='lat' dir='ltr'>divina</span> 
     </span>
     <span class='ocr_line' id='line_1_15' title="bbox 89 1169 1522 1229; baseline 0.005 -18"><span class='ocrx_word' id='word_1_110' title='bbox 89 1169 312 1225; x_wconf 88' lang='lat' dir='ltr'>utriusque</span> <span class='ocrx_word' id='word_1_111' title='bbox 343 1177 525 1219; x_wconf 84' lang='lat' dir='ltr'>naturae,</span> <span class='ocrx_word' id='word_1_112' title='bbox 553 1170 703 1212; x_wconf 84' lang='lat' dir='ltr'>divinae</span> <span class='ocrx_word' id='word_1_113' title='bbox 734 1170 893 1213; x_wconf 87' lang='lat' dir='ltr'>scilicet</span> <span class='ocrx_word' id='word_1_114' title='bbox 922 1178 962 1213; x_wconf 88' lang='lat' dir='ltr'>et</span> <span class='ocrx_word' id='word_1_115' title='bbox 993 1172 1212 1221; x_wconf 84' lang='lat' dir='ltr'>humanae,</span> <span class='ocrx_word' id='word_1_116' title='bbox 1244 1174 1522 1229; x_wconf 86' lang='lat' dir='ltr'>proprietates</span> 
     </span>
     <span class='ocr_line' id='line_1_16' title="bbox 89 1241 1522 1296; baseline 0.003 -12"><span class='ocrx_word' id='word_1_117' title='bbox 89 1241 410 1296; x_wconf 84' lang='lat' dir='ltr'>complectitur,</span> <span class='ocrx_word' id='word_1_118' title='bbox 437 1248 612 1284; x_wconf 85' lang='lat' dir='ltr'>eatenus</span> <span class='ocrx_word' id='word_1_119' title='bbox 640 1254 782 1284; x_wconf 89' lang='lat' dir='ltr'>verum</span> <span class='ocrx_word' id='word_1_120' title='bbox 818 1250 883 1284; x_wconf 89' lang='lat' dir='ltr'>est</span> <span class='ocrx_word' id='word_1_121' title='bbox 915 1251 1108 1285; x_wconf 88' lang='lat' dir='ltr'>naturam</span> <span class='ocrx_word' id='word_1_122' title='bbox 1144 1245 1318 1288; x_wconf 87' lang='lat' dir='ltr'>alteram</span> <span class='ocrx_word' id='word_1_123' title='bbox 1349 1247 1522 1289; x_wconf 85' lang='lat' dir='ltr'>alterius</span> 
     </span>
     <span class='ocr_line' id='line_1_17' title="bbox 89 1313 1520 1373; baseline 0.005 -19"><span class='ocrx_word' id='word_1_124' title='bbox 89 1313 394 1369; x_wconf 86' lang='lat' dir='ltr'>proprietates,</span> <span class='ocrx_word' id='word_1_125' title='bbox 425 1313 638 1356; x_wconf 89' lang='lat' dir='ltr'>mediante</span> <span class='ocrx_word' id='word_1_126' title='bbox 674 1327 876 1370; x_wconf 87' lang='lat' dir='ltr'>persona,</span> <span class='ocrx_word' id='word_1_127' title='bbox 907 1315 1183 1370; x_wconf 88' lang='lat' dir='ltr'>participare,</span> <span class='ocrx_word' id='word_1_128' title='bbox 1217 1331 1399 1373; x_wconf 85' lang='lat' dir='ltr'>suasque</span> <span class='ocrx_word' id='word_1_129' title='bbox 1435 1332 1520 1362; x_wconf 87' lang='lat' dir='ltr'>non</span> 
     </span>
     <span class='ocr_line' id='line_1_18' title="bbox 88 1386 1522 1447; baseline 0.006 -20"><span class='ocrx_word' id='word_1_130' title='bbox 88 1386 168 1428; x_wconf 89' lang='lat' dir='ltr'>sibi</span> <span class='ocrx_word' id='word_1_131' title='bbox 215 1399 381 1429; x_wconf 87' lang='lat' dir='ltr'>servare</span> <span class='ocrx_word' id='word_1_132' title='bbox 427 1386 664 1436; x_wconf 80' lang='lat' dir='ltr'>exclusive,</span> <span class='ocrx_word' id='word_1_133' title='bbox 701 1388 774 1430; x_wconf 90' lang='lat' dir='ltr'>sed</span> <span class='ocrx_word' id='word_1_134' title='bbox 818 1388 991 1431; x_wconf 88' lang='lat' dir='ltr'>alterius</span> <span class='ocrx_word' id='word_1_135' title='bbox 1036 1389 1075 1430; x_wconf 85' lang='lat' dir='ltr'>in</span> <span class='ocrx_word' id='word_1_136' title='bbox 1112 1390 1260 1432; x_wconf 86' lang='lat' dir='ltr'>eodem</span> <span class='ocrx_word' id='word_1_137' title='bbox 1302 1393 1522 1447; x_wconf 89' lang='lat' dir='ltr'>supposito</span> 
     </span>
     <span class='ocr_line' id='line_1_19' title="bbox 88 1458 1521 1521; baseline 0.005 -21"><span class='ocrx_word' id='word_1_138' title='bbox 88 1458 359 1501; x_wconf 88' lang='lat' dir='ltr'>subsistentis</span> <span class='ocrx_word' id='word_1_139' title='bbox 389 1471 636 1501; x_wconf 87' lang='lat' dir='ltr'>communes</span> <span class='ocrx_word' id='word_1_140' title='bbox 664 1460 851 1509; x_wconf 77' lang='lat' dir='ltr'>efficere,</span> <span class='ocrx_word' id='word_1_141' title='bbox 882 1473 1135 1516; x_wconf 83' lang='lat' dir='ltr'>quamquam</span> <span class='ocrx_word' id='word_1_142' title='bbox 1162 1463 1295 1505; x_wconf 87' lang='lat' dir='ltr'>ambae</span> <span class='ocrx_word' id='word_1_143' title='bbox 1325 1463 1521 1521; x_wconf 79' lang='lat' dir='ltr'>integrae,</span> 
     </span>
     <span class='ocr_line' id='line_1_20' title="bbox 87 1528 1522 1591; baseline 0.006 -21"><span class='ocrx_word' id='word_1_144' title='bbox 87 1528 321 1571; x_wconf 83' lang='lat' dir='ltr'>inconfusae</span> <span class='ocrx_word' id='word_1_145' title='bbox 366 1530 701 1585; x_wconf 86' lang='lat' dir='ltr'>inseparabiliter</span> <span class='ocrx_word' id='word_1_146' title='bbox 747 1531 948 1573; x_wconf 86' lang='lat' dir='ltr'>existunt.</span> <span class='ocrx_word' id='word_1_147' title='bbox 982 1549 1000 1571; x_wconf 74' lang='grc' dir='ltr'>ε(</span> <span class='ocrx_word' id='word_1_148' title='bbox 1036 1533 1135 1588; x_wconf 78' lang='lat' dir='ltr'>Agit</span> <span class='ocrx_word' id='word_1_149' title='bbox 1184 1534 1297 1576; x_wconf 88' lang='lat' dir='ltr'>enim</span> <span class='ocrx_word' id='word_1_150' title='bbox 1343 1545 1522 1591; x_wconf 86' lang='lat' dir='ltr'>utraque</span> 
     </span>
     <span class='ocr_line' id='line_1_21' title="bbox 88 1600 1521 1661; baseline 0.005 -19"><span class='ocrx_word' id='word_1_151' title='bbox 88 1600 220 1642; x_wconf 81' lang='lat' dir='ltr'>forma</span> <span class='ocrx_word' id='word_1_152' title='bbox 251 1614 345 1642; x_wconf 92' lang='lat' dir='ltr'>cum</span> <span class='ocrx_word' id='word_1_153' title='bbox 375 1601 548 1642; x_wconf 86' lang='lat' dir='ltr'>alterius</span> <span class='ocrx_word' id='word_1_154' title='bbox 572 1603 872 1645; x_wconf 86' lang='lat' dir='ltr'>communione</span> <span class='ocrx_word' id='word_1_155' title='bbox 906 1603 1016 1658; x_wconf 89' lang='lat' dir='ltr'>quod</span> <span class='ocrx_word' id='word_1_156' title='bbox 1044 1605 1259 1659; x_wconf 88' lang='lat' dir='ltr'>proprium</span> <span class='ocrx_word' id='word_1_157' title='bbox 1289 1613 1351 1648; x_wconf 86' lang='lat' dir='ltr'>est</span> <span class='ocrx_word' id='word_1_158' title='bbox 1380 1605 1521 1661; x_wconf 84' lang='lat' dir='ltr'>(episc.</span> 
     </span>
     <span class='ocr_line' id='line_1_22' title="bbox 87 1672 773 1727; baseline -0.003 -14"><span class='ocrx_word' id='word_1_159' title='bbox 87 1672 131 1714; x_wconf 84' lang='lat' dir='ltr'>S.</span> <span class='ocrx_word' id='word_1_160' title='bbox 167 1673 314 1713; x_wconf 79' lang='lat' dir='ltr'>Leonis</span> <span class='ocrx_word' id='word_1_161' title='bbox 346 1674 399 1713; x_wconf 85' lang='lat' dir='ltr'>acl</span> <span class='ocrx_word' id='word_1_162' title='bbox 432 1673 728 1727; x_wconf 80' lang='lat' dir='ltr'>Flavianum).</span> <span class='ocrx_word' id='word_1_163' title='bbox 754 1689 773 1711; x_wconf 80' lang='lat'>»</span> 
     </span>
    </p>

    <p class='ocr_par' dir='ltr' id='par_1_4' title="bbox 85 1744 1523 2446">
     <span class='ocr_line' id='line_1_23' title="bbox 148 1744 1522 1804; baseline 0.004 -18"><span class='ocrx_word' id='word_1_164' title='bbox 148 1744 344 1787; x_wconf 89' lang='lat' dir='ltr'>Ceterum</span> <span class='ocrx_word' id='word_1_165' title='bbox 381 1758 466 1786; x_wconf 91' lang='lat' dir='ltr'>non</span> <span class='ocrx_word' id='word_1_166' title='bbox 500 1753 563 1787; x_wconf 88' lang='lat' dir='ltr'>est</span> <span class='ocrx_word' id='word_1_167' title='bbox 596 1745 845 1800; x_wconf 90' lang='lat' dir='ltr'>simpliciter</span> <span class='ocrx_word' id='word_1_168' title='bbox 878 1755 917 1788; x_wconf 88' lang='lat' dir='ltr'>et</span> <span class='ocrx_word' id='word_1_169' title='bbox 945 1746 1138 1789; x_wconf 85' lang='lat' dir='ltr'>absolute</span> <span class='ocrx_word' id='word_1_170' title='bbox 1168 1747 1393 1790; x_wconf 87' lang='lat' dir='ltr'>dicendum</span> <span class='ocrx_word' id='word_1_171' title='bbox 1427 1762 1522 1804; x_wconf 88' lang='lat' dir='ltr'>pro-</span> 
     </span>
     <span class='ocr_line' id='line_1_24' title="bbox 87 1816 1518 1877; baseline 0.004 -19"><span class='ocrx_word' id='word_1_172' title='bbox 87 1816 286 1872; x_wconf 83' lang='lat' dir='ltr'>prietates</span> <span class='ocrx_word' id='word_1_173' title='bbox 317 1825 560 1859; x_wconf 87' lang='lat' dir='ltr'>naturarum</span> <span class='ocrx_word' id='word_1_174' title='bbox 610 1817 650 1859; x_wconf 89' lang='lat' dir='ltr'>in</span> <span class='ocrx_word' id='word_1_175' title='bbox 702 1818 868 1861; x_wconf 88' lang='lat' dir='ltr'>Christo</span> <span class='ocrx_word' id='word_1_176' title='bbox 908 1832 991 1860; x_wconf 89' lang='lat' dir='ltr'>non</span> <span class='ocrx_word' id='word_1_177' title='bbox 1037 1820 1343 1874; x_wconf 87' lang='lat' dir='ltr'>permansisse;</span> <span class='ocrx_word' id='word_1_178' title='bbox 1381 1834 1518 1877; x_wconf 88' lang='lat' dir='ltr'>neque</span> 
     </span>
     <span class='ocr_line' id='line_1_25' title="bbox 86 1887 1522 1949; baseline 0.004 -20"><span class='ocrx_word' id='word_1_179' title='bbox 86 1887 142 1930; x_wconf 89' lang='lat' dir='ltr'>ita</span> <span class='ocrx_word' id='word_1_180' title='bbox 182 1888 368 1943; x_wconf 88' lang='lat' dir='ltr'>loquitur</span> <span class='ocrx_word' id='word_1_181' title='bbox 409 1888 687 1944; x_wconf 81' lang='lat' dir='ltr'>Sarugensis,</span> <span class='ocrx_word' id='word_1_182' title='bbox 717 1903 811 1931; x_wconf 91' lang='lat' dir='ltr'>cum</span> <span class='ocrx_word' id='word_1_183' title='bbox 846 1890 987 1944; x_wconf 89' lang='lat' dir='ltr'>potius</span> <span class='ocrx_word' id='word_1_184' title='bbox 1023 1890 1215 1932; x_wconf 87' lang='lat' dir='ltr'>intendat</span> <span class='ocrx_word' id='word_1_185' title='bbox 1257 1899 1297 1933; x_wconf 92' lang='lat' dir='ltr'>et</span> <span class='ocrx_word' id='word_1_186' title='bbox 1339 1892 1522 1949; x_wconf 78' lang='lat' dir='ltr'>adsigni-</span> 
     </span>
     <span class='ocr_line' id='line_1_26' title="bbox 88 1958 1523 2018; baseline 0.003 -17"><span class='ocrx_word' id='word_1_187' title='bbox 88 1958 184 2002; x_wconf 85' lang='lat' dir='ltr'>ficet</span> <span class='ocrx_word' id='word_1_188' title='bbox 214 1972 284 2002; x_wconf 89' lang='lat' dir='ltr'>eas</span> <span class='ocrx_word' id='word_1_189' title='bbox 313 1972 398 2001; x_wconf 90' lang='lat' dir='ltr'>non</span> <span class='ocrx_word' id='word_1_190' title='bbox 427 1962 486 2002; x_wconf 82' lang='lat' dir='ltr'>ita</span> <span class='ocrx_word' id='word_1_191' title='bbox 522 1960 803 2015; x_wconf 83' lang='lat' dir='ltr'>permansisse</span> <span class='ocrx_word' id='word_1_192' title='bbox 837 1968 880 2001; x_wconf 89' lang='lat' dir='ltr'>ut</span> <span class='ocrx_word' id='word_1_193' title='bbox 908 1961 1104 2002; x_wconf 89' lang='lat' dir='ltr'>volebant</span> <span class='ocrx_word' id='word_1_194' title='bbox 1133 1962 1397 2012; x_wconf 86' lang='lat' dir='ltr'>Nestoriani‚</span> <span class='ocrx_word' id='word_1_195' title='bbox 1428 1977 1523 2018; x_wconf 90' lang='lat' dir='ltr'>pro-</span> 
     </span>
     <span class='ocr_line' id='line_1_27' title="bbox 88 2030 1520 2089; baseline 0.003 -17"><span class='ocrx_word' id='word_1_196' title='bbox 88 2030 198 2086; x_wconf 89' lang='lat' dir='ltr'>prias</span> <span class='ocrx_word' id='word_1_197' title='bbox 232 2031 430 2073; x_wconf 87' lang='lat' dir='ltr'>nimirum</span> <span class='ocrx_word' id='word_1_198' title='bbox 477 2031 601 2074; x_wconf 89' lang='lat' dir='ltr'>unius</span> <span class='ocrx_word' id='word_1_199' title='bbox 644 2039 805 2073; x_wconf 83' lang='lat' dir='ltr'>naturae</span> <span class='ocrx_word' id='word_1_200' title='bbox 853 2032 945 2074; x_wconf 89' lang='lat' dir='ltr'>sine</span> <span class='ocrx_word' id='word_1_201' title='bbox 981 2033 1091 2081; x_wconf 90' lang='lat' dir='ltr'>ulla,</span> <span class='ocrx_word' id='word_1_202' title='bbox 1124 2034 1250 2075; x_wconf 85' lang='lat' dir='ltr'>etiam</span> <span class='ocrx_word' id='word_1_203' title='bbox 1289 2036 1520 2089; x_wconf 87' lang='lat' dir='ltr'>personali,</span> 
     </span>
     <span class='ocr_line' id='line_1_28' title="bbox 86 2102 1521 2160; baseline 0.003 -16"><span class='ocrx_word' id='word_1_204' title='bbox 86 2102 387 2145; x_wconf 85' lang='lat' dir='ltr'>communione</span> <span class='ocrx_word' id='word_1_205' title='bbox 414 2116 508 2144; x_wconf 83' lang='lat' dir='ltr'>cnm</span> <span class='ocrx_word' id='word_1_206' title='bbox 538 2103 696 2152; x_wconf 89' lang='lat' dir='ltr'>altera;</span> <span class='ocrx_word' id='word_1_207' title='bbox 731 2103 857 2144; x_wconf 80' lang='lat' dir='ltr'>verbo</span> <span class='ocrx_word' id='word_1_208' title='bbox 876 2136 885 2151; x_wconf 85' lang='lat'>,</span> <span class='ocrx_word' id='word_1_209' title='bbox 913 2103 1146 2145; x_wconf 85' lang='lat' dir='ltr'>adstruitur</span> <span class='ocrx_word' id='word_1_210' title='bbox 1172 2105 1223 2146; x_wconf 88' lang='lat' dir='ltr'>ab</span> <span class='ocrx_word' id='word_1_211' title='bbox 1254 2105 1344 2160; x_wconf 88' lang='lat' dir='ltr'>ipso</span> <span class='ocrx_word' id='word_1_212' title='bbox 1377 2114 1521 2149; x_wconf 89' lang='lat' dir='ltr'>mutua</span> 
     </span>
     <span class='ocr_line' id='line_1_29' title="bbox 85 2175 1521 2239; baseline 0.004 -23"><span class='ocrx_word' id='word_1_213' title='bbox 85 2177 401 2217; x_wconf 77' lang='lat' dir='ltr'>communicatio</span> <span class='ocrx_word' id='word_1_214' title='bbox 442 2178 747 2228; x_wconf 75' lang='lat' dir='ltr'>proprietatum</span> <span class='ocrx_word' id='word_1_215' title='bbox 797 2175 1012 2234; x_wconf 68' lang='grc' dir='ltr'>(ἀντίὸσσις</span> <span class='ocrx_word' id='word_1_216' title='bbox 1073 2188 1144 2221; x_wconf 76' lang='grc' dir='ltr'>τῶν</span> <span class='ocrx_word' id='word_1_217' title='bbox 1198 2178 1432 2239; x_wconf 66' lang='grc' dir='ltr'>ἰδιόματων)</span> <span class='ocrx_word' id='word_1_218' title='bbox 1477 2183 1521 2222; x_wconf 85' lang='lat' dir='ltr'>in</span> 
     </span>
     <span class='ocr_line' id='line_1_30' title="bbox 86 2246 1519 2304; baseline 0.003 -17"><span class='ocrx_word' id='word_1_219' title='bbox 86 2253 293 2304; x_wconf 71' lang='lat' dir='ltr'>concreto,</span> <span class='ocrx_word' id='word_1_220' title='bbox 334 2246 507 2288; x_wconf 85' lang='lat' dir='ltr'>minime</span> <span class='ocrx_word' id='word_1_221' title='bbox 555 2260 651 2288; x_wconf 86' lang='lat' dir='ltr'>vero</span> <span class='ocrx_word' id='word_1_222' title='bbox 694 2249 738 2288; x_wconf 85' lang='lat' dir='ltr'>in</span> <span class='ocrx_word' id='word_1_223' title='bbox 790 2248 1028 2294; x_wconf 80' lang='lat' dir='ltr'>abstracto;</span> <span class='ocrx_word' id='word_1_224' title='bbox 1075 2248 1281 2289; x_wconf 77' lang='lat' dir='ltr'>refellitur</span> <span class='ocrx_word' id='word_1_225' title='bbox 1338 2249 1519 2292; x_wconf 87' lang='lat' dir='ltr'>Nestorii</span> 
     </span>
     <span class='ocr_line' id='line_1_31' title="bbox 87 2316 1518 2375; baseline 0.003 -16"><span class='ocrx_word' id='word_1_226' title='bbox 87 2316 325 2372; x_wconf 89' lang='lat' dir='ltr'>blasphema</span> <span class='ocrx_word' id='word_1_227' title='bbox 356 2318 554 2367; x_wconf 87' lang='lat' dir='ltr'>assertio,</span> <span class='ocrx_word' id='word_1_228' title='bbox 582 2331 665 2360; x_wconf 90' lang='lat' dir='ltr'>non</span> <span class='ocrx_word' id='word_1_229' title='bbox 698 2319 936 2361; x_wconf 83' lang='lat' dir='ltr'>admittitur</span> <span class='ocrx_word' id='word_1_230' title='bbox 971 2320 1303 2375; x_wconf 79' lang='lat' dir='ltr'>monophysitica</span> <span class='ocrx_word' id='word_1_231' title='bbox 1333 2321 1518 2364; x_wconf 85' lang='lat' dir='ltr'>haeresis.</span> 
     </span>
     <span class='ocr_line' id='line_1_32' title="bbox 87 2389 1516 2446; baseline 0.004 -16"><span class='ocrx_word' id='word_1_232' title='bbox 87 2389 176 2431; x_wconf 89' lang='lat' dir='ltr'>lmo</span> <span class='ocrx_word' id='word_1_233' title='bbox 193 2393 599 2433; x_wconf 74' lang='lat' dir='ltr'>communicationem</span> <span class='ocrx_word' id='word_1_234' title='bbox 614 2393 882 2439; x_wconf 78' lang='lat' dir='ltr'>idiomatum,</span> <span class='ocrx_word' id='word_1_235' title='bbox 908 2405 1032 2446; x_wconf 84' lang='lat' dir='ltr'>quam</span> <span class='ocrx_word' id='word_1_236' title='bbox 1057 2399 1205 2434; x_wconf 81' lang='lat' dir='ltr'>vocant</span> <span class='ocrx_word' id='word_1_237' title='bbox 1225 2394 1267 2434; x_wconf 81' lang='lat' dir='ltr'>in</span> <span class='ocrx_word' id='word_1_238' title='bbox 1289 2395 1516 2442; x_wconf 75' lang='lat' dir='ltr'>abstracto,</span> 
     </span>
    </p>
   </div>
   <div class='ocr_carea' id='block_1_3' title="bbox 85 2536 1517 2638">
    <p class='ocr_par' dir='ltr' id='par_1_5' title="bbox 85 2536 1517 2638">
     <span class='ocr_line' id='line_1_33' title="bbox 133 2536 1517 2583; baseline 0.004 -14"><span class='ocrx_word' id='word_1_239' title='bbox 133 2539 174 2577; x_wconf 75' lang='lat'>(1)</span> <span class='ocrx_word' id='word_1_240' title='bbox 200 2536 341 2570; x_wconf 80' lang='lat' dir='ltr'>Samma</span> <span class='ocrx_word' id='word_1_241' title='bbox 378 2543 500 2571; x_wconf 74' lang='lat' dir='ltr'>contra</span> <span class='ocrx_word' id='word_1_242' title='bbox 535 2544 675 2582; x_wconf 75' lang='lat' dir='ltr'>yenteS,</span> <span class='ocrx_word' id='word_1_243' title='bbox 705 2542 763 2574; x_wconf 87' lang='lat' dir='ltr'>lib.</span> <span class='ocrx_word' id='word_1_244' title='bbox 792 2543 852 2577; x_wconf 84' lang='lat' dir='ltr'>tv.</span> <span class='ocrx_word' id='word_1_245' title='bbox 880 2552 952 2583; x_wconf 87' lang='lat' dir='ltr'>cap.</span> <span class='ocrx_word' id='word_1_246' title='bbox 981 2543 1045 2580; x_wconf 77' lang='lat'>54;</span> <span class='ocrx_word' id='word_1_247' title='bbox 1072 2543 1176 2575; x_wconf 85' lang='lat' dir='ltr'>editio</span> <span class='ocrx_word' id='word_1_248' title='bbox 1217 2544 1356 2575; x_wconf 77' lang='lat' dir='ltr'>Lutetiae</span> <span class='ocrx_word' id='word_1_249' title='bbox 1395 2544 1517 2579; x_wconf 74' lang='lat' dir='ltr'>Paris,</span> 
     </span>
     <span class='ocr_line' id='line_1_34' title="bbox 85 2595 698 2638; baseline 0.007 -13"><span class='ocrx_word' id='word_1_250' title='bbox 85 2595 173 2634; x_wconf 86' lang='lat' dir='ltr'>apud</span> <span class='ocrx_word' id='word_1_251' title='bbox 200 2595 348 2634; x_wconf 85' lang='lat' dir='ltr'>Giraud,</span> <span class='ocrx_word' id='word_1_252' title='bbox 376 2601 454 2628; x_wconf 88' lang='lat' dir='ltr'>tom.</span> <span class='ocrx_word' id='word_1_253' title='bbox 486 2596 534 2635; x_wconf 85' lang='lat' dir='ltr'>ll,</span> <span class='ocrx_word' id='word_1_254' title='bbox 563 2607 594 2638; x_wconf 86' lang='lat' dir='ltr'>p.</span> <span class='ocrx_word' id='word_1_255' title='bbox 622 2599 698 2630; x_wconf 77' lang='lat'>415.</span> 
     </span>
    </p>
   </div>
  </div>
 </body>
</html>
