1931 3239
385 165 405 193 8
956 170 1241 198 INTRODUC-TIO.

390 277 409 301 «
447 260 631 317 psalmos
662 260 719 302 ait
748 275 757 302 ε
791 260 1090 315 «interpretes
1120 259 1204 308 illi,
1231 259 1300 314 qui
1331 257 1446 300 missi
1478 264 1575 300 sunt
1605 258 1657 301 ab
1685 259 1815 302 Adaeo

390 349 409 372 <t
447 331 639 388 apostolo
657 339 699 374 et
721 332 890 387 Abgaro
913 343 1011 386 rege
1031 330 1255 373 Osrhoeno
1280 330 1320 372 in
1348 329 1635 378 Palaestinam,
1660 331 1817 386 quique

389 419 407 442 a
446 410 664 445 verterunt
700 402 829 443 libros
874 414 1016 443 sacros
1060 408 1181 443 ete.»
1225 401 1324 443 Haec
1368 400 1537 443 traditio
1576 400 1814 443 confirmari

389 489 407 512 (ι
448 479 587 528 potest
617 485 668 515 ex
701 471 743 514 S.
776 471 1028 526 Ephraemo,
1068 471 1140 526 qni
1167 470 1320 513 saeculo
1351 470 1404 512 lV
1437 471 1738 513 commentaria
1774 471 1816 514 in

389 561 407 583 «
447 544 706 599 Scripturam
739 543 931 584 scribens
963 555 1064 584 usus
1093 549 1157 584 est
1183 541 1375 583 versione
1407 541 1587 597 simplici
1619 549 1817 597 tanquam

390 632 409 654 «
448 614 733 657 communiter
770 627 791 655 a
824 613 938 669 Syris
971 620 1169 668 usurpata
1204 619 1245 654 et
1285 620 1464 667 recepta.
1487 628 1506 651 ι)
1547 613 1678 654 Porro
1719 613 1817 655 Bar·

384 685 597 734 hebraeus,
627 684 765 726 saeculi
795 684 889 726 Xlll
923 684 1103 739 scriptor
1121 682 1304 738 jacobita
1336 682 1632 732 doctissimus,
1662 684 1817 727 versio-

386 770 482 799 nem
518 756 567 799 N.
602 757 648 798 T.
689 756 837 798 eodem
877 762 1064 810 tempore
1095 755 1330 797 confectam
1369 754 1496 796 fuisse
1532 762 1748 805 autumat,
1777 762 1820 800 et

385 841 486 871 sane
520 827 789 870 validissimae
825 827 1008 869 rationes
1047 827 1301 883 persuadere
1341 826 1535 869 videntur
1574 835 1617 869 ut
1647 841 1693 870 ea
1733 840 1819 870 non

386 901 588 942 habeatur
618 898 774 942 saeculo
806 898 960 942 Christi
991 898 1179 941 secundo
1204 898 1428 940 recentior.
1461 898 1656 941 Ceterum
1688 898 1820 954 ipsius

386 971 592 1028 originem
634 970 793 1013 eaedem
833 970 1017 1012 tenebrae
1061 969 1316 1018 obvolvunt,
1356 969 1509 1024 quibus
1550 970 1822 1012 obducuntur

385 1042 537 1085 veteris
587 1041 793 1084 versionis
836 1041 1005 1090 latinae,
1049 1042 1163 1083 Icaloe
1206 1040 1355 1089 dictae,
1401 1041 1575 1083 natales.
1619 1041 1819 1084 Attamen

384 1114 658 1157 Barhehraeus
703 1121 745 1156 et
784 1112 826 1156 S.
867 1113 1061 1168 Ephraem
1104 1113 1157 1155 ita
1197 1112 1449 1167 loquuntur,
1501 1120 1545 1153 nt
1587 1124 1636 1154 ex
1672 1124 1818 1155 eorum

386 1193 528 1228 mente
553 1198 636 1228 non
664 1198 790 1233 unus,
816 1184 889 1227 sed
916 1184 1058 1240 plures
1082 1190 1277 1226 auctores
1302 1183 1342 1225 in
1365 1196 1411 1225 ea
1434 1195 1604 1238 operam
1630 1184 1821 1238 posuisse

387 1258 636 1306 credantur,
670 1255 782 1312 quod
808 1255 1029 1298 doctorum
1048 1254 1209 1310 judicio
1233 1262 1359 1309 atque
1384 1254 1509 1296 etiam
1537 1254 1699 1297 interna
1727 1255 1819 1310 ejus

388 1329 529 1371 indole
561 1336 600 1370 et
632 1328 726 1384 styli
757 1327 957 1370 varietate
989 1326 1155 1369 videtur
1186 1326 1454 1382 comprobari
1483 1325 1543 1382 (1).

447 1399 803 1454 Quandoquidem
822 1398 872 1440 de
890 1398 1076 1453 antiquis
1093 1398 1134 1440 S.
1153 1397 1384 1453 Scripturae
1401 1397 1664 1439 versionibus
1679 1410 1819 1441 sermo

387 1478 465 1521 est,
486 1470 710 1513 memorari
729 1470 903 1512 omnino
925 1476 1135 1511 merenter
1152 1469 1387 1525 fragmenta
1404 1476 1468 1510 sat
1485 1468 1620 1524 ampla
1640 1476 1820 1524 quatuor

388 1543 713 1600 Evangeliorum
732 1576 742 1593 ‚
772 1556 865 1599 quae
894 1541 1151 1585 Curetonius
1174 1540 1219 1597 (2)
1247 1555 1283 1584 a.
1308 1543 1427 1585 1858
1449 1539 1578 1583 edidit
1603 1554 1653 1584 ex
1676 1540 1820 1584 codice

434 1739 476 1778 (i)
502 1738 528 1769 J.
556 1738 590 1769 B.
618 1737 751 1777 Weinig
769 1737 802 1769 S.
817 1737 844 1768 J.
869 1737 903 1768 in
921 1734 1045 1768 Schola
1063 1736 1222 1778 syriaca,
1240 1737 1434 1777 OEniponte
1458 1736 1543 1769 1866
1561 1736 1650 1768 edita
1666 1761 1675 1774 ‚
1695 1746 1724 1777 p.
1745 1745 1821 1768 mii

384 1803 470 1835 seq..
499 1794 540 1826 ab
569 1794 631 1826 hac
655 1794 824 1825 sententia
853 1793 1040 1830 recedens,
1068 1793 1244 1833 probabile
1272 1793 1403 1833 judicat
1434 1798 1613 1834 utramque
1643 1793 1822 1833 utriusque

385 1850 580 1882 testamenti
622 1851 810 1882 versionem
836 1849 879 1881 ab
909 1858 976 1881 uno
1014 1850 1204 1890 eodemque
1231 1850 1434 1882 translatore
1460 1850 1619 1882 hebraice
1650 1854 1685 1881 et
1712 1858 1823 1890 graece

385 1908 512 1939 sciente
538 1915 612 1939 esse
639 1906 896 1947 profectam.—-
913 1907 957 1938 De
986 1906 1118 1947 origine
1147 1906 1311 1938 versionis
1334 1906 1469 1948 pesltito
1494 1907 1623 1938 consuli
1647 1913 1822 1939 merentur

387 1964 556 1996 Wiseman
571 1988 580 2001 ‚
607 1963 708 1995 Horae
726 1963 873 2005 syriacae
888 1988 896 2000 ,
925 1964 934 1994 l
952 1986 960 2000 ‚
987 1963 1121 2003 passim.
1140 1981 1184 1986 —
1202 1963 1391 1995 Uhlemann
1406 1987 1414 1999 ,
1441 1962 1489 1994 De
1513 1961 1596 1995 Νου.
1624 1962 1712 1996 Test.
1735 1973 1822 1996 vers.

385 2030 455 2063 syr.
486 2020 632 2053 Berolini
660 2020 759 2051 1850.
778 2037 815 2042 -
845 2019 1079 2054 Wichelhaus.
1109 2019 1155 2050 De
1182 2017 1227 2051 N.
1255 2018 1293 2050 Τ.
1317 2019 1469 2050 versione
1496 2018 1634 2061 syriaca
1655 2020 1821 2062 antiqua,

384 2087 487 2121 quam
514 2077 693 2120 pesclcitho
717 2080 839 2109 vocant
866 2076 947 2109 libri
976 2080 1149 2119 quatuor,
1173 2077 1264 2108 Halis
1294 2077 1404 2114 1850,
1432 2087 1465 2118 p.
1494 2077 1559 2116 65,
1587 2077 1630 2109 84
1655 2086 1749 2118 seqq.
1777 2095 1822 2101 -—

387 2138 499 2169 perles
516 2160 525 2174 ‚
555 2135 769 2167 Meletemala
792 2135 1110 2178 peschittlmniana.
1138 2136 1345 2168 Uratislaviae
1373 2136 1472 2169 1859.

434 2194 476 2233 (a)
504 2192 664 2225 Remains
691 2191 734 2234 of
750 2202 772 2223 α
787 2202 866 2233 very
882 2192 1016 2223 aulient
1041 2192 1216 2224 recension
1233 2191 1276 2233 of
1288 2192 1344 2223 tlte
1367 2191 1448 2233 four
1470 2190 1609 2234 Gospels
1629 2191 1666 2224 in
1683 2192 1819 2234 syriae,

386 2250 538 2283 hitherto
551 2250 727 2282 unknown
740 2250 778 2281 in
794 2249 938 2292 Europe.
956 2251 1105 2288 London,
1121 2251 1205 2282 John
1221 2252 1364 2292 Murray,
1376 2250 1822 2288 Albeniarle-street‚1858.

386 2308 509 2339 Auctor
523 2307 556 2338 in
574 2307 667 2347 praef.
686 2317 717 2347 p.
733 2316 763 2338 vi
782 2308 824 2339 de
847 2307 1032 2347 Evangelio
1046 2308 1078 2338 S.
1096 2307 1240 2339 Matthaei
1267 2316 1284 2338 a
1309 2316 1344 2339 se
1364 2307 1538 2348 publicato
1555 2307 1600 2338 ita
1619 2306 1822 2338 sententiam

386 2372 480 2396 suam
496 2364 606 2405 aperit
626 2375 633 2395 :
656 2364 755 2396 «The
769 2364 891 2405 Gospel
909 2364 946 2395 os
962 2364 1010 2396 St.
1031 2365 1188 2396 Matthew
1204 2365 1231 2395 is
1245 2365 1277 2395 in
1295 2372 1395 2405 every
1413 2372 1484 2404 way
1503 2369 1536 2396 te
1561 2364 1604 2396 be
1620 2362 1822 2395 considered

386 2429 422 2452 as
450 2429 466 2451 a
485 2425 556 2453 text
582 2420 632 2451 sar
654 2421 811 2462 superior
835 2426 868 2453 to
888 2421 945 2453 the
969 2422 1109 2454 others:
1133 2422 1211 2462 they
1229 2420 1361 2453 exhibit
1382 2422 1510 2454 several
1537 2421 1650 2453 marks
1673 2420 1711 2453 os
1725 2420 1824 2453 blun-

387 2478 467 2509 ders
495 2478 560 2509 and
587 2479 746 2510 mistakes
773 2479 807 2510 in
834 2479 892 2511 the
918 2479 1116 2511 translation
1147 2479 1233 2511 from
1261 2480 1318 2512 the
1343 2480 1446 2520 greek
1469 2480 1541 2511 into
1569 2479 1694 2520 syriae,
1724 2478 1825 2511 while

391 2535 458 2566 this
475 2535 597 2575 Gospel
617 2535 654 2567 of
666 2536 712 2566 St.
733 2536 891 2568 Matthew
913 2545 1057 2577 appears
1085 2541 1119 2568 at
1143 2536 1228 2568 least
1253 2541 1286 2568 to
1320 2537 1363 2569 be
1390 2536 1479 2569 built
1497 2545 1586 2578 upon
1605 2536 1661 2568 the
1679 2536 1823 2576 original

387 2592 537 2623 Aramaie
562 2597 630 2624 text
645 2616 653 2629 ‚
671 2592 779 2623 which
805 2601 872 2624 was
899 2598 932 2625 te
952 2593 1044 2625 work
1070 2592 1108 2625 os
1128 2593 1185 2625 the
1201 2593 1338 2633 Apostle
1363 2593 1513 2626 himself.
1533 2605 1546 2621 ι·
1565 2610 1606 2617 --
1622 2592 1689 2625 Cfr.
1712 2590 1823 2624 Etude
