1931 3239
589 209 755 235 mnium
783 210 806 234 11
836 210 884 235 nn
911 210 943 236 n.
974 211 1008 234 v.
1038 211 1078 235 M.
1476 201 1537 235 207

100 309 233 345 mater
267 301 378 345 Solis
415 313 508 356 quae
554 301 752 356 peperisti
794 302 928 344 lucem
968 301 1323 351 intlesectiliilem,
1351 301 1454 344 cista
1490 301 1534 344 li—

101 393 220 442 gata,
258 393 377 441 porta
409 385 573 434 clausa,
609 385 762 428 divitiae
792 386 1063 441 obsigillatae‚
1098 386 1385 430 sanctuarium
1424 387 1534 430 obsi·

101 475 299 525 gnatum,
327 466 446 508 sinus
468 466 509 508 in
537 466 777 522 virginitate
808 469 1018 510 servatus!

165 602 199 644 Ο
245 600 323 643 Fili
366 599 544 642 viventis
570 633 580 650 ‚
641 601 779 643 infans
821 613 973 650 senex,
1025 602 1183 643 fructus
1225 602 1384 652 dulcis,
1440 615 1542 658 puer

104 685 364 728 admirabilis
406 685 605 727 omnibus
648 685 812 734 senior,
842 697 989 727 recens
1025 692 1121 727 nate
1155 697 1205 727 ex
1242 693 1375 728 matre
1404 694 1473 728 tua
1503 694 1543 729 et

104 769 277 824 antique
314 768 504 819 dierum,
546 768 892 824 generationibus
935 768 1121 810 anterior
1150 775 1191 811 et
1238 776 1361 811 natus
1396 769 1541 819 hodie,

104 852 236 894 virtus
265 851 423 901 Patris,
450 850 507 893 fili
549 850 722 907 virginis
764 850 1089 906 investigabilis!
1118 850 1360 894 Similitudo
1393 859 1460 894 tua
1502 852 1541 894 in

105 933 292 982 Adamo,
315 932 356 974 in
390 932 504 974 Heva
529 939 651 988 typus
674 939 797 980 tuus,
821 932 862 974 in
896 932 1022 974 Maria
1056 932 1263 987 stupenda
1289 941 1358 975 tna
1386 933 1542 983 virtus,

105 1016 146 1057 in
179 1022 218 1058 te
255 1014 346 1070 ipso
385 1013 624 1070 prodigium
665 1013 952 1069 prodigiorum
988 1021 1026 1055 te
1054 1013 1341 1056 consideranti
1373 1015 1542 1058 existis!

168 1209 302 1252 Adam
331 1216 474 1266 typum
504 1209 695 1252 exhibuit
723 1210 974 1266 virginitatis
1005 1223 1098 1265 quae
1128 1218 1166 1253 te
1198 1210 1400 1266 portavit3
1433 1211 1544 1254 Heva

110 1292 239 1348 figura
271 1291 348 1333 fuit
380 1290 705 1333 mirabilissimae
739 1298 826 1333 tum
860 1291 1113 1342 nativitatis3
1151 1300 1297 1335 sancte
1332 1299 1371 1335 te
1402 1293 1548 1348 genuit

109 1375 228 1417 sinus
253 1374 468 1430 virginalis
489 1374 644 1424 Mariae,
663 1382 788 1429 atque
809 1375 849 1416 in
882 1387 932 1417 eo
956 1374 1126 1429 impleta
1157 1382 1256 1417 sunt
1291 1375 1486 1431 mysteria
1506 1384 1547 1419 et

112 1457 200 1514 typi
230 1458 436 1500 hactenus
463 1456 642 1500 occulta.

172 1607 448 1651 Fortissimus
487 1607 737 1649 saeculorum
782 1607 998 1663 ingressus
1038 1615 1100 1650 est
1142 1608 1183 1649 in
1223 1607 1427 1650 mundum
1475 1620 1550 1664 per

112 1696 275 1745 portam
305 1688 515 1736 clausam,
551 1696 595 1730 ut
627 1701 676 1730 ex
713 1688 853 1730 medio
881 1689 1050 1731 silentio
1085 1696 1307 1745 tyrannum
1327 1722 1337 1739 ,
1366 1689 1436 1744 qui
1471 1697 1550 1731 ter-

51 1825 55 1828 ,
114 1784 198 1812 ram
231 1770 465 1813 vastatione
496 1770 751 1826 repleverat,
787 1770 1100 1824 insequeretur.

172 1852 237 1895 Ad
262 1853 367 1894 hanc
385 1859 498 1893 tuam
518 1851 834 1907 generationem
853 1864 1098 1906 corpoream
1121 1851 1351 1907 respiciens
1373 1850 1548 1894 Genitor

114 1941 211 1976 tuus
254 1934 469 1976 hominem
514 1934 564 1976 ad
599 1933 824 1988 imaginem
859 1933 1089 1976 divinitatis
1120 1941 1200 1976 tuae
1228 1946 1370 1976 creare
1402 1934 1549 1976 voluit.

113 2015 355 2072 Virginitati
387 2015 526 2058 Mariae
558 2013 779 2056 constituit
817 2014 1027 2056 Adamum
1065 2022 1266 2068 tanquam
1300 2014 1550 2070 imaginem,

117 2098 210 2141 Filii
247 2111 344 2141 vero
373 2097 696 2140 similitudinem
735 2098 929 2139 formavit
967 2097 1008 2139 in
1045 2105 1176 2139 matre
1206 2098 1323 2146 vitae,
1362 2097 1432 2139 uhi
1463 2097 1554 2139 sine

117 2180 316 2236 conjugio
360 2187 455 2221 nata
493 2187 534 2221 et
571 2179 662 2221 sine
699 2179 1042 2234 concupiscentia
1082 2185 1286 2233 concepta
1318 2177 1394 2220 fuit
1427 2178 1554 2220 Heva.

121 2263 390 2319 Quapropter
424 2261 687 2317 virginaliter
716 2269 757 2303 et
790 2260 969 2303 mirabili
1002 2261 1127 2303 niodo
1164 2260 1327 2316 peperit
1354 2272 1443 2303 eam
1480 2259 1554 2300 vir,

185 2414 351 2468 ltaque,
388 2413 524 2469 imago
562 2412 654 2455 Filii
689 2412 763 2454 Dei
799 2419 840 2454 et
877 2412 1009 2454 Adam
1045 2419 1086 2453 et
1119 2411 1230 2453 Heva
1262 2412 1401 2459 fuere,
1432 2425 1555 2467 quain

123 2496 292 2552 quidem
325 2498 448 2539 Pater
474 2497 516 2538 in
548 2496 754 2551 principio
788 2496 931 2537 munsli
966 2495 1190 2551 Unigenito
1217 2508 1294 2537 suo
1322 2496 1556 2538 constituit.

183 2580 319 2636 Super
360 2593 451 2622 earn
499 2587 688 2636 portam,
732 2593 813 2635 qua
859 2579 1038 2634 primum
1087 2579 1280 2622 homines
1322 2579 1363 2621 in
1402 2587 1554 2622 terram

128 2662 388 2711 introduxit,
427 2662 557 2704 filium
590 2676 712 2703 suum
752 2662 975 2704 delineavit
1013 2662 1273 2704 naturalibus
1304 2662 1554 2717 quibusdam

1319 2747 1360 2775 :s
