1931 3239
304 197 368 232 336
938 208 1099 235 THESES.

303 315 472 366 peccata
514 314 611 351 ante
649 316 809 364 patrata
844 309 886 351 in
927 322 1002 352 sua
1044 310 1363 367 longanimitate
1393 311 1599 368 impunita
1639 314 1734 358 reli-

302 388 477 437 querat;
517 381 569 423 ad
613 381 920 424 ostendendam
976 395 1094 424 suam
1145 383 1412 427 sanctitatem
1476 385 1556 428 hoc
1619 399 1732 430 nnnc

304 460 519 508 tempore,
545 452 672 508 idque
697 460 743 495 ut
780 460 821 496 et
849 453 938 508 ipse
976 461 1277 510 agnosceretur
1309 462 1508 506 sanctus,
1534 464 1576 500 et
1614 470 1735 500 sanc·

304 523 482 567 tificaret
512 531 721 580 quotquot
761 524 886 567 tidem
915 525 1015 568 Jesu
1044 525 1210 569 Christo
1251 527 1468 570 haberent.
1503 543 1524 567 »

965 680 1070 721 LIX.

361 801 542 845 Justitiae
580 803 913 858 supernaturalis
957 811 999 847 et
1032 804 1177 860 gratiae
1223 804 1362 848 fontes
1394 821 1413 845 (ι
1440 811 1601 861 septem
1635 812 1735 848 sunt

303 889 323 912 (ι
359 880 621 917 sacramenta
648 887 767 917 novae
802 875 932 932 legis,
966 888 1059 931 quae
1089 875 1269 918 inultum
1302 877 1352 919 ab
1390 877 1575 933 antiquis
1617 876 1734 919 diffe-

301 963 320 987 «
361 955 473 989 runt.
506 947 577 990 llla
603 948 716 990 enim
747 961 832 990 non
866 949 1095 990 causabant
1119 948 1321 1004 gratiam,
1350 949 1422 991 sed
1461 962 1554 991 eam
1597 948 1735 992 solum

302 1035 320 1058 «
360 1032 434 1075 per
472 1019 711 1075 passionem
771 1020 923 1063 Christi
972 1021 1153 1064 (landam
1206 1021 1456 1077 figurabant.
1500 1021 1599 1064 Ilaec
1635 1034 1733 1064 vero

302 1108 320 1131 «
359 1099 502 1134 nostra
530 1099 571 1135 et
598 1092 821 1135 continent
860 1093 1036 1149 gratiam
1055 1126 1065 1144 ‚
1107 1101 1149 1137 et
1178 1093 1312 1149 ipsam
1346 1092 1472 1149 digne
1501 1093 1735 1149 suscipien-

303 1180 321 1203 «
360 1163 473 1205 tibus
507 1164 731 1206 conferunt
761 1163 823 1219 (1).
858 1179 877 1202 »

973 1321 1058 1360 Lx.

356 1446 726 1490 Sacramentorum
764 1445 878 1488 valor
905 1452 947 1488 et
985 1445 1167 1488 efficacia
1209 1444 1455 1501 neutiquam
1491 1445 1678 1500 pendent
1710 1457 1734 1487 a

297 1517 379 1561 fide
407 1525 449 1561 et
485 1518 694 1574 probitate
729 1517 913 1560 ministri
951 1524 1022 1559 aut
1059 1530 1079 1559 a
1120 1517 1273 1559 merito
1311 1516 1610 1572 suscipientis;
1635 1529 1733 1558 nam

295 1590 471 1646 gratiam
494 1589 717 1633 conserunt
743 1603 795 1632 ex
823 1602 939 1642 opere
963 1596 1133 1642 operato
1163 1600 1247 1630 non
1273 1587 1528 1644 ponentibus
1553 1587 1734 1630 obicem.

958 1768 1061 1808 LXI.

356 1888 520 1931 Saeculo
550 1887 690 1938 tertio,
717 1887 759 1929 in
787 1887 944 1930 celebri
974 1885 1261 1929 controversia
1289 1885 1340 1928 (le
1368 1885 1508 1928 valore
1535 1885 1733 1941 baptismi

296 1961 347 2004 ab
381 1960 590 2003 haereticis
634 1959 800 2009 collati,
843 1959 1020 2014 quaestio
1058 1957 1355 2001 tantummodo
1396 1958 1643 2001 movebatur
1682 1958 1734 2001 de

298 2033 378 2076 lide
406 2031 614 2082 ministri,
641 2043 910 2086 nequaquam
944 2043 1041 2072 vero
1078 2029 1129 2072 de
1165 2028 1338 2072 materia
1369 2036 1410 2071 et
1440 2029 1571 2072 forma
1602 2029 1734 2085 ipsius

296 2105 563 2149 sacramenti.
614 2104 826 2147 Errabant
871 2116 972 2159 ergo
1027 2101 1244 2157 Launojus
1290 2100 1335 2157 (a)
1391 2109 1433 2143 et
1480 2102 1621 2157 Dupin
1661 2102 1733 2159 (5),

297 2178 396 2221 dum
429 2177 527 2220 inde
557 2189 702 2220 ansam
742 2175 967 2219 sumebant
998 2175 1263 2230 Stephanum
1301 2174 1549 2217 Pontificem
1580 2174 1735 2217 Roma-

297 2265 398 2294 num
428 2249 676 2300 accusandi,
709 2249 821 2305 quod
859 2249 1080 2304 probasset
1115 2260 1285 2290 omnem
1314 2247 1608 2290 haereticorum
1636 2246 1735 2302 bap-

295 2323 469 2364 tismum
494 2353 505 2372 ‚
563 2322 689 2363 etiam
745 2319 955 2376 despectis
1016 2319 1217 2375 legitimis
1276 2318 1451 2362 materia
1502 2325 1545 2360 et
1601 2317 1733 2360 forma

297 2392 512 2437 collatum.

347 2554 388 2595 (ι)
416 2553 587 2595 Eugenius
614 2553 666 2591 lv,
696 2551 826 2584 Decrct.
846 2561 911 2593 pro
936 2550 1060 2582 unione
1083 2548 1326 2582 Armcnorztm,

344 2612 386 2654 (2)
414 2613 485 2644 Lib.
513 2611 600 2648 Vlll,
627 2610 726 2651 epist.
756 2611 810 2641 15.

343 2670 386 2710 (a)
413 2667 588 2707 Rittium„
617 2673 697 2700 toni.
724 2667 758 2705 l,
784 2676 837 2707 pp.
865 2667 925 2698 151
953 2670 986 2697 et
1015 2665 1093 2697 176.
