1931 3239
401 167 535 194 JACOBI
562 167 704 194 SARUG.
733 166 933 193 DOCTRINA
960 166 1008 190 DE
1035 165 1068 190 13.
1096 165 1133 189 V.
1161 164 1202 189 M.
1447 155 1506 188 lb'i)

69 258 319 316 proferendo
362 273 371 300 :
401 258 546 300 eadem
589 257 643 300 ibi
681 271 826 305 mens,
858 256 967 298 idem
1001 254 1318 311 perfectissimae
1353 253 1505 295 saucti-

69 330 165 373 tatis
198 337 317 385 typus
340 336 381 372 et
415 329 504 371 idea
539 329 590 371 de
616 328 853 371 beatissima
884 327 1056 383 Virgine
1080 326 1234 380 ubique
1257 324 1505 367 delineatur.

131 405 174 444 1ο
211 402 311 444 Tam
359 409 562 456 praestans
613 400 863 456 praedicatur
900 401 1039 442 Maria}
1078 399 1260 454 dignitas
1291 405 1332 439 et
1370 396 1505 439 exce!-

67 472 221 521 tentia,
249 480 295 515 ut
328 475 412 526 ejus
444 474 618 524 eloqium
652 474 878 513 humanam
922 472 1160 523 facultatem
1203 471 1324 521 plan-c
1368 475 1504 509 trans-

66 547 208 587 cendat
242 543 298 599 (v.
329 543 425 599 ⁹26).
458 544 613 585 Coetum
646 545 822 584 alterum
862 541 921 596 (v,
953 541 1032 595 55)
1060 547 1149 589 est,
1176 542 1384 591 palatium
1416 552 1504 580 ma-

64 618 253 668 gnificum
297 617 372 656 sibi
414 628 440 656 a
484 628 643 655 summo
687 627 774 666 φερε
820 616 863 654 in
922 614 1199 654 habitaculum
1250 617 1505 652 exstructum

68 686 129 742 (v.
157 685 264 741 55),
294 689 407 738 viryo
434 688 553 738 plena
580 687 692 726 omni
718 685 1023 737 pulchritudine
1046 684 1279 724 sanctitatis
1303 681 1364 736 (v.
1396 684 1450 724 57
1469 681 1500 737 )‚

67 772 215 801 omnes
265 766 507 800 sanctorum
563 757 733 799 ordines
784 756 907 811 longe
958 755 1167 797 excedens
1210 761 1251 795 et
1303 765 1505 808 praeroga-

22 869 24 871 ,
67 830 160 872 tivis
204 829 356 871 divinis
405 841 574 884 prorsus
608 827 832 883 singularis
876 826 964 882 (vv,
1001 828 1056 869 67
1090 824 1234 880 seqq.)
1269 831 1309 867 et
1344 824 1504 866 incom-

66 902 376 958 preheusibilis.
421 901 523 943 Nam
569 900 657 955 ipsa
692 902 845 941 coetert‘s
881 900 1118 940 mulieribus
1156 899 1371 950 pulchrior
1423 898 1504 949 suit

65 972 129 1028 (v.
160 974 271 1029 168)
295 975 459 1025 ideoque
482 985 507 1013 a
543 972 619 1012 Deo
652 974 771 1012 electa
808 978 851 1011 ut
883 969 998 1011 tieret
1032 977 1164 1011 mater
1196 967 1320 1009 Verbi
1349 967 1502 1017 divini;

64 1049 99 1088 si
125 1047 267 1098 fulsset
295 1049 339 1087 in
370 1046 515 1086 Marito
544 1046 688 1085 anima
720 1046 805 1084 utta
838 1045 1003 1083 macuta
1039 1049 1111 1082 aut
1143 1043 1346 1092 desectus,
1375 1043 1503 1081 aliam

62 1120 200 1170 utique
244 1130 410 1170 eamque
438 1118 750 1157 immaculatam
784 1121 958 1155 matrem
991 1115 1164 1165 elegisset
1199 1114 1271 1153 sibi
1306 1113 1504 1153 Donunus

62 1189 153 1246 (νν.
180 1190 419 1241 mcv-194).
447 1188 771 1243 Comparatione
794 1187 984 1228 instituta
1011 1199 1105 1228 cum
1131 1186 1294 1227 caeteris
1318 1184 1503 1226 mortali-

63 1261 162 1311 bus,
182 1268 271 1303 erat
300 1261 388 1316 ipsa
421 1263 508 1302 sola
538 1266 780 1306 mausueta,
799 1271 939 1311 pura,
964 1260 1137 1309 simplex
1162 1264 1197 1298 et
1223 1259 1308 1298 sine
1340 1258 1504 1298 macula

64 1332 128 1388 (v.
164 1333 303 1388 129);
342 1331 451 1373 sicut
486 1334 529 1372 in
564 1345 731 1384 corpore
778 1333 863 1384 ejus
898 1332 1143 1381 υῖνῃιῗηὶιαε,
1184 1328 1240 1370 ita
1278 1331 1321 1369 in.
1358 1331 1504 1371 ant'ma

61 1407 148 1458 ejus
187 1406 463 1446 sanctimonia
501 1411 695 1456 perpetuo
739 1405 896 1444 eoestttit
934 1403 1000 1457 (V.
1032 1402 1148 1457 150)
1170 1434 1179 1450 ‚
1224 1401 1414 1456 adeoque
1451 1401 1502 1444 ab

62 1475 210 1525 initi03
258 1475 412 1524 verbo,
468 1481 580 1515 tanta
631 1473 772 1515 floruit
823 1473 1045 1515 sanctitate
1092 1480 1291 1527 quantam
1348 1472 1504 1527 patitur

63 1554 225 1588 naturae
253 1547 447 1588 humanae
484 1545 692 1601 capacitas
724 1545 785 1599 (v.
820 1545 1021 1600 1199).-—
1052 1543 1155 1595 Quae
1194 1544 1294 1585 dum
1339 1551 1501 1585 attente

62 1617 411 1666 considerantur,
452 1616 542 1672 ejus
576 1617 635 1658 vis
674 1625 714 1658 et
752 1616 974 1658 sententiae
1018 1623 1222 1670 apparent
1269 1614 1410 1656 omnia
1451 1627 1499 1656 ac

63 1688 252 1744 singula,
278 1696 322 1731 ut
346 1688 612 1730 sanctitatem
646 1688 823 1729 aliorum
850 1695 1091 1729 sanctorum
1123 1687 1289 1741 penitus
1323 1698 1502 1741 exsupe-

62 1768 156 1802 rent
206 1768 246 1803 et
292 1759 507 1816 originalis
558 1759 910 1815 praevaricationis
957 1758 1217 1800 consortium
1275 1758 1501 1800 excindant

62 1832 267 1881 omnino,
303 1831 492 1887 quamvis
526 1844 607 1872 non
653 1831 811 1873 directe
850 1838 891 1873 et
929 1843 980 1872 ex
1020 1829 1221 1885 professo.

121 1906 167 1945 2⁰
202 1904 311 1947 Sane
343 1904 384 1945 in
421 1903 530 1945 idem
562 1903 780 1945 evidenter
808 1901 1049 1957 conspirat,
1082 1914 1207 1956 quam
1247 1900 1501 1943 beatissimae

62 1976 138 2018 Dei
172 1975 365 2032 genitrici
398 1975 438 2016 in
477 1975 686 2017 abolendo
724 1981 1069 2029 protoparentum
1106 1981 1276 2028 peccato
1308 1979 1349 2014 et
1393 1972 1500 2014 redi-

61 2034 217 2090 mendo
256 2049 439 2090 humano
486 2059 640 2102 genere
692 2053 837 2088 auctor
875 2045 1096 2094 attribuit,
1137 2057 1230 2086 cum
1278 2043 1381 2085 Filio
1423 2056 1499 2085 suo

62 2120 326 2176 participatio
365 2135 373 2161 :
410 2131 562 2174 nempe
600 2119 739 2160 Mariae
762 2151 771 2167 ,
811 2125 1019 2173 quatenus
1059 2118 1191 2160 Deum
1219 2116 1392 2171 genuit,
1427 2116 1500 2159 ho-

61 2191 223 2234 minum
277 2190 550 2240 salvatorem,
594 2190 635 2231 in
692 2190 782 2245 ipso
836 2188 1079 2232 salvationis
1137 2201 1263 2243 opere
1315 2187 1498 2229 officium

61 2262 211 2319 obtigit
238 2261 510 2311 mediatricis,
541 2262 664 2316 longe
692 2261 862 2316 quidem
887 2259 1162 2302 excellentius
1193 2271 1242 2300 eo
1270 2258 1381 2313 quod
1407 2257 1499 2300 aliis

61 2334 218 2376 sanctis
246 2341 487 2388 competere
520 2333 797 2388 inteiligi1ur3
824 2332 918 2373 ideo
948 2331 1036 2386 ipsa
1075 2329 1358 2385 proclamatur
1386 2331 1497 2371 benc-

60 2408 287 2448 dicttsstma
335 2407 554 2447 mulierum
607 2408 650 2446 in
700 2418 782 2458 qua
828 2412 946 2445 terroe
991 2404 1220 2443 maledictio
1265 2404 1498 2454 exstirpata.

63 2487 118 2521 est
144 2486 179 2521 ct
206 2493 279 2532 per
311 2492 436 2532 quam
473 2480 671 2520 sententia
709 2478 993 2519 damnationis
1033 2477 1167 2517 soluta
1202 2476 1283 2528 fuit
1306 2474 1394 2528 (vv.
1418 2476 1497 2523 55,

65 2552 177 2607 56);
218 2560 474 2607 quapropter
508 2552 766 2593 conveniens
802 2549 909 2591 haud
951 2549 1025 2589 t'nit
1072 2556 1116 2589 ut
1158 2548 1242 2602 ipsa
1274 2548 1334 2589 vel
1374 2547 1496 2588 unico

64 2623 248 2666 instante
299 2622 584 2665 maledictioni
630 2622 754 2664 fuerit
798 2619 999 2675 subjecta.
1066 2621 1203 2660 Debita
1246 2620 1380 2671 patris
1432 2619 1496 2659 sui
