1931 3239
513 149 647 176 JACOBI
673 149 814 177 SARUG.
844 149 1115 176 ORTHODOXIA.
1475 142 1534 174 14¹.)

99 240 286 297 qnotidie
306 240 449 283 recitat
466 247 507 282 et
529 247 725 295 tanquam
749 248 940 282 sanctum
966 247 1190 282 veneratur
1210 246 1250 282 et
1269 238 1382 282 colit.
1402 238 1535 293 Hujus

99 320 237 356 tamen
261 312 398 368 gentis
430 311 635 354 calculum
669 311 866 353 omittere
900 311 994 354 ideo
1026 312 1164 366 potius
1191 310 1399 359 arbitror,
1423 310 1533 365 quod

100 384 256 426 tamdiu
277 416 286 433 ,
313 391 484 439 propter
508 384 720 425 turbatum
746 383 950 425 bellorum
979 383 1171 438 procellis
1195 383 1433 438 reipublicae
1453 390 1534 424 sta-

99 461 202 504 tum,
222 454 261 496 in
283 454 462 509 negotiis
486 454 782 496 ecclesiasticis
803 455 980 496 maxima
1007 453 1242 509 ignorantia
1269 453 1534 501 laboraverit,

97 533 222 580 atque
262 525 528 567 discretionis
559 524 766 580 judicium
806 525 1053 580 plerumque
1096 537 1179 566 non
1210 524 1386 566 valuerit
1420 523 1535 565 adhi-

96 598 194 640 here
228 613 236 639 ε
273 610 323 640 ex
357 610 440 653 quo
468 598 660 646 delectu,
693 606 737 639 ut
766 611 890 652 supra
928 597 1097 645 monui,
1136 597 1410 652 probabiliter
1443 610 1534 639 eve-

98 670 205 712 nerit
257 678 302 711 ut
342 670 456 725 ipsa,
498 678 591 711 utut
640 670 887 712 orthodoxae
938 669 1033 712 fidei
1088 669 1282 719 addicta,
1328 670 1533 712 Jacobum

96 740 357 783 Edessenum
398 741 732 797 monophysitica
784 741 875 783 labe
913 740 1115 782 infectum
1158 741 1272 782 cultu
1309 753 1535 795 proseque-

43 824 55 836 ‘
97 819 235 863 retur3
278 812 339 855 sas
387 813 491 855 adeo
540 827 623 855 non
675 820 735 855 est
776 826 826 855 ex
871 813 995 854 simili
1051 814 1158 855 facto
1205 812 1432 866 quidquam
1484 811 1535 853 de

94 883 250 926 Jacobo
285 891 431 926 nostro
462 891 660 927 statuere.
695 884 775 927 Sed
813 897 950 938 neque
982 884 1104 925 istius
1147 883 1391 925 testimonio
1432 882 1534 924 ulla-

97 960 220 996 tenus
252 967 449 1011 egemus3
480 955 694 997 sufficiunt
723 955 836 997 enim
871 962 1020 996 caetera
1053 967 1146 1008 quae
1176 954 1454 1008 protulimus,
1493 960 1535 995 et

95 1024 227 1067 multo
251 1025 382 1080 magis
409 1025 558 1067 thesim
585 1034 772 1067 nostram
793 1025 1023 1067 conficiunt
1048 1032 1287 1078 temporum
1313 1023 1507 1078 adjuncta
1524 1055 1533 1071 ,

93 1096 134 1138 in
167 1097 319 1152 quibus
351 1097 533 1140 Jacobus
567 1097 825 1139 constitutus
861 1104 923 1139 est
965 1095 1214 1151 episcopus;
1254 1109 1405 1150 nempe
1438 1108 1532 1137 cum

93 1181 140 1210 ea
183 1175 433 1224 tempestate
468 1168 656 1223 ubique,
705 1167 825 1223 jussu
875 1167 1142 1223 imperatoris
1188 1167 1373 1215 Justini,
1415 1167 1534 1209 Jaco-

93 1240 190 1282 bitae
218 1247 262 1282 ut
294 1241 502 1289 Xenaias,
527 1242 677 1282 Petrus
710 1239 999 1295 Apamaeensis
1026 1239 1179 1294 aliique
1200 1271 1209 1287 ,
1243 1239 1414 1281 sedibus
1445 1239 1532 1280 suis

94 1311 380 1366 pellerentur,
416 1311 616 1354 credibile
657 1310 845 1366 profecto
885 1323 968 1351 non
997 1318 1060 1352 est
1088 1310 1224 1365 ipsum
1245 1343 1254 1359 ,
1283 1310 1362 1351 nisi
1391 1309 1534 1364 explo-

93 1390 180 1424 rata
212 1382 359 1424 suisset
391 1381 595 1425 catholica
630 1380 720 1437 ejus
746 1381 849 1424 tides
871 1413 881 1431 ‚
909 1382 959 1423 ad
979 1381 1268 1436 episcopatum
1294 1380 1531 1436 promoveri

94 1453 283 1508 potuisse
317 1452 378 1509 (1).

139 1592 180 1629 (ι)
208 1590 254 1621 Ex
279 1589 418 1621 historia
435 1598 557 1631 nempe
575 1594 706 1622 constat
731 1590 794 1622 sub
821 1591 1026 1631 imperatore
1051 1590 1182 1622 Justino
1207 1590 1342 1622 seniore
1358 1614 1365 1627 ,
1387 1590 1529 1631 ejusque

91 1655 285 1678 successore
308 1646 497 1678 Jttstiniano
523 1655 576 1678 res
595 1647 683 1678 mate
698 1647 839 1678 cessisse
861 1647 1117 1687 monophysitis.
1136 1647 1180 1678 De
1198 1647 1435 1686 persecutione
1451 1647 1531 1687 ipsis

91 1712 179 1736 anno
193 1704 371 1735 Justiniani
385 1710 481 1736 sexto
497 1704 612 1736 inferri
627 1710 770 1744 coeptam
788 1705 938 1745 loquitur
954 1705 1129 1736 Jollmmes
1146 1705 1323 1746 episcopus
1338 1705 1533 1746 ephesinus,

92 1761 382 1802 historiographus
405 1770 511 1801 syrus.
532 1761 600 1792 Cfr.
621 1761 684 1792 Die
699 1760 1043 1803 Ktrelzenqeschichce
1059 1760 1116 1792 des
1135 1760 1314 1792 Jnhsmnes
1332 1771 1397 1792 von
1417 1760 1532 1803 Ephe-

93 1827 162 1855 sus,
182 1828 246 1850 aus
263 1818 338 1850 dem
357 1819 517 1861 syriclwn
533 1820 716 1855 iibersetzt,
734 1828 795 1850 von
814 1821 865 1851 Dr.
880 1820 906 1850 J.
922 1820 962 1851 M.
980 1819 1215 1855 Schonfelder,
1233 1820 1412 1856 llliinchen,
1435 1820 1530 1857 1862,

92 1884 165 1916 pag.
187 1877 208 1907 5
229 1885 299 1916 seq.
314 1893 356 1898 ——
374 1877 475 1908 Porro
496 1882 711 1917 argumento,
732 1885 772 1907 ex
793 1881 946 1916 tempore
964 1885 1031 1915 quo
1050 1877 1193 1907 lacobus
1211 1877 1390 1916 episcopus
1408 1877 1531 1913 evasit,

92 1942 210 1974 magna
236 1934 336 1965 etiam
363 1935 410 1965 vis
424 1935 625 1965 attribuitur
640 1934 728 1973 apud
742 1931 831 1964 Acta
843 1932 1058 1964 Sanctortrm.
1074 1934 1133 1963 loc.
1149 1933 1206 1964 cit.
1226 1945 1235 1963 .·
1255 1944 1271 1963 «
1290 1933 1339 1965 vel
1359 1934 1418 1965 hac
1434 1933 1530 1965 unica

93 2002 110 2021 «
139 1992 288 2028 ratione,
312 1992 451 2028 dicitur,
470 1991 694 2031 Sarugensem
721 1992 917 2031 episcopum
940 1990 1097 2030 pluribus
1112 1991 1180 2029 jam
1207 1991 1303 2021 annis
1333 1995 1411 2022 ante
1440 1991 1532 2031 epis-

95 2058 111 2078 «
138 2053 294 2089 copatum
308 2072 316 2085 ‚
338 2048 422 2079 nihil
439 2057 457 2079 a
475 2048 639 2079 catholica
656 2048 722 2080 fide
736 2048 886 2079 alienum
905 2048 1080 2088 scripsisse
1099 2052 1208 2087 patet.
1225 2070 1232 2078 .
1248 2070 1278 2078 ..
1306 2047 1531 2078 Homitiarum

94 2116 111 2135 «
137 2105 209 2145 ejus
243 2106 426 2137 editionem
460 2111 721 2145 exspectemus,
752 2110 806 2141 ut,
839 2105 930 2145 quod
958 2113 1175 2145 summopere
1204 2105 1323 2144 cupio.
1352 2109 1419 2135 tota
1458 2104 1531 2143 ejus

93 2171 111 2191 «
138 2161 202 2192 vita
230 2163 273 2193 ab
294 2163 418 2193 erroris
443 2161 586 2193 crimine
611 2161 773 2192 vindicari
801 2162 952 2202 possit.»
982 2161 1077 2200 Quod
1106 2169 1183 2192 vero
1211 2161 1252 2191 ad
1283 2160 1389 2200 prima
1416 2160 1530 2191 ,lacohi

87 2218 274 2258 juventutis
294 2224 443 2260 tempora
461 2219 605 2257 attinet,
623 2219 697 2259 eJus
712 2219 948 2251 orthodoxiam
968 2227 1032 2249 non
1052 2219 1097 2249 ita
1116 2223 1242 2249 certam
1267 2217 1370 2248 habet
1385 2217 1531 2256 scriptor

92 2278 327 2316 doctissimus,
357 2283 521 2319 putatque
544 2288 622 2310 eum
645 2278 785 2310 forsitan
803 2284 882 2309 tnnc
904 2279 989 2318 Cyro
1005 2278 1189 2313 edesseno,
1213 2285 1313 2316 quem
1336 2276 1531 2308 Hormisdas

93 2344 176 2376 papa
202 2335 374 2375 acephalis
398 2341 577 2373 accenset,
598 2336 829 2373 consensisse;
857 2336 993 2366 interim
1021 2334 1061 2365 ad
1094 2343 1167 2364 eam
1196 2334 1427 2373 conjecturam
1448 2357 1456 2369 ‚
1485 2341 1527 2364 ex

91 2400 164 2423 mea
200 2392 382 2431 opinione,
408 2392 519 2423 adhuc
554 2401 621 2423 non
655 2397 782 2432 cogunt
819 2391 1074 2423 criminationes
1097 2390 1349 2426 jacobitarum,
1377 2394 1436 2421 aut
1464 2398 1526 2427 ea,

91 2457 166 2488 quae
192 2449 368 2489 perlegere
397 2450 513 2489 potui,
538 2449 652 2480 Jacobi
678 2450 815 2489 scripta.
845 2449 914 2480 lmo
939 2447 1155 2479 difficultates
1185 2456 1224 2478 ex
1251 2447 1365 2479 Jacobi
1395 2447 1530 2487 scriptis

95 2505 246 2544 petendae
262 2528 270 2542 ‚
295 2506 322 2536 si
346 2506 474 2545 aliquid
498 2511 615 2537 contra
643 2506 715 2545 ejus
741 2505 841 2536 tidem
867 2505 1060 2540 efficerent,
1082 2503 1171 2543 quod
1195 2504 1354 2543 equidem
1380 2512 1445 2535 nou
1468 2503 1529 2534 ad-

92 2562 209 2598 mitto,
239 2570 278 2593 eo
304 2563 414 2602 potius
442 2562 583 2594 tendant
613 2568 648 2593 ut
679 2562 788 2602 ipsum
828 2562 1020 2592 mitioribus
1047 2560 1215 2591 haereticis
1251 2560 1499 2591 accensendum
1519 2583 1526 2595 ,

91 2627 190 2659 quam
216 2619 408 2660 acephalis,
435 2619 544 2659 qualis
570 2624 642 2651 erat
668 2620 794 2659 Cyrus,
823 2617 1116 2650 adnumerandum
1142 2617 1339 2657 probarent.
