1931 3239
393 228 454 262 102
1020 236 1148 261 CAPUT
1174 236 1196 261 1.

387 335 470 370 tam
508 326 731 369 orthodoxi
770 338 893 381 quam
935 326 1117 367 haeretici
1153 325 1279 369 veluti
1316 333 1508 368 sanctum
1550 334 1817 369 venerentur.

385 398 603 441 Maronitae
637 398 807 452 quidem
837 397 927 453 ejus
961 398 1207 440 memoriam
1237 405 1366 453 agunt
1398 397 1465 440 die
1499 400 1525 440 5
1553 398 1723 453 aprilis3
1753 399 1820 441 Ja-

386 468 537 511 cobitae
568 481 665 510 vero
698 468 765 510 die
797 471 855 511 29
885 469 1098 517 octobris,
1130 471 1188 511 29
1212 467 1319 523 junii
1356 476 1396 510 et
1428 471 1487 512 29
1519 467 1626 523 julii.
1660 468 1741 511 Sed
1779 477 1820 511 et

385 539 427 581 in
461 538 613 581 divinis
640 539 788 581 officiis
820 547 861 582 et
896 540 937 581 in
969 553 1085 582 sacra
1116 539 1283 595 liturgia
1316 539 1504 594 quotidie
1539 539 1648 595 apud
1682 547 1819 582 utros-

385 623 467 665 que
496 610 690 653 laudatur
710 644 719 659 ‚
761 625 840 653 una
879 624 973 653 cum
1011 611 1054 654 S.
1094 611 1346 666 Ephraemo3
1375 619 1415 653 at
1455 611 1496 653 in
1523 613 1820 664 martyrologio

384 681 571 724 ecclesiae
604 694 787 725 romanae
816 682 927 724 nulla
957 681 1047 737 ejus
1078 682 1238 725 mentio
1268 682 1467 725 occurrit.

430 902 521 936 H'aec
547 901 640 935 dum
659 901 780 944 praelo
810 901 1086 945 subjacebant,
1114 902 1296 936 nuntium
1320 902 1453 945 accepi
1472 901 1817 945 Jucundissimum,

383 955 570 989 nimirum
591 956 625 989 S.
641 955 831 989 Jacobum
849 956 1124 998 Sarugensem‚
1140 964 1255 997 quem
1274 955 1519 989 Bollandiani
1544 955 1691 998 antiqui
1714 955 1819 999 peni-

382 1012 445 1042 tus
469 1008 673 1051 ignorasse
690 1007 887 1049 videntur,
907 1008 1063 1042 tandem
1089 1008 1219 1042 locum
1243 1017 1357 1042 suum
1374 1007 1415 1041 in
1430 1008 1541 1042 Actis
1558 1009 1816 1049 Sanctorum,

383 1061 632 1102 habiturum,
654 1064 759 1095 tomo
784 1063 866 1095 XII
889 1063 1070 1096 Octobris
1085 1089 1093 1103 ,
1112 1061 1223 1095 brevi
1247 1062 1287 1095 in
1311 1061 1439 1095 lucem
1463 1061 1691 1105 proditur03
1717 1071 1818 1096 com-

382 1116 620 1151 mentarium
637 1116 684 1150 de
703 1126 748 1150 eo
766 1117 1073 1160 complectentur
1092 1116 1245 1160 paginae
1262 1117 1327 1150 824
1344 1121 1380 1151 et
1400 1125 1519 1159 seqq„
1536 1125 1632 1159 quas
1649 1125 1816 1158 mecum,

376 1170 461 1214 jam
491 1176 581 1204 ante
613 1171 731 1204 totius
763 1170 976 1204 voluminis
1008 1170 1362 1213 complementum,
1398 1170 1681 1204 humanissime
1713 1179 1816 1204 com-

381 1224 598 1258 municavit
626 1233 764 1258 earum
792 1228 929 1258 auctor
957 1224 1230 1264 doctissimus,
1260 1225 1301 1258 R.
1330 1225 1370 1258 P.
1400 1224 1444 1257 H.
1471 1225 1678 1266 Matagne,
1706 1224 1740 1257 S.
1767 1224 1785 1257 J
1793 1249 1815 1264 .,

383 1280 461 1324 qui,
481 1279 583 1324 quod
594 1280 640 1314 de
656 1280 904 1314 bollandiano
919 1290 1078 1314 monere
1096 1279 1176 1314 fere
1194 1289 1532 1323 supervacaneum
1546 1283 1616 1320 est,
1634 1287 1815 1313 sermone

383 1334 614 1378 perspicuo,
645 1333 782 1367 critica
808 1333 983 1376 diligenti
1013 1337 1049 1367 et
1077 1332 1296 1367 eruditione
1325 1336 1534 1374 accurata,
1563 1332 1666 1366 istud
1699 1341 1816 1375 argu-

382 1392 559 1423 mentum
586 1387 780 1422 tractavit.
816 1387 1036 1422 Observare
1065 1386 1228 1430 proinde
1267 1395 1328 1420 me
1356 1386 1496 1429 juvat,
1531 1395 1621 1420 cum
1653 1385 1701 1420 iis
1729 1394 1815 1429 quae

380 1442 426 1477 cl.
447 1442 509 1476 vir
526 1442 642 1486 Juxta
664 1442 897 1476 documenta
925 1450 1011 1484 quae
1031 1450 1123 1484 prae²
1144 1440 1323 1474 manibus
1350 1439 1474 1483 potuit
1492 1438 1635 1473 habere
1653 1466 1660 1480 ,
1683 1438 1816 1473 statuit

380 1496 426 1530 de
443 1496 600 1537 (Iacobo,
621 1504 666 1529 ea
690 1495 771 1529 fere
793 1494 1015 1529 consentire
1041 1503 1127 1537 quae
1145 1503 1193 1527 ex
1210 1493 1382 1527 fontibus
1407 1493 1587 1527 disserui.
1617 1494 1684 1534 Ita,
1703 1491 1814 1526 verbi

379 1550 520 1594 gratia,
538 1549 690 1585 facinus
713 1549 847 1583 Jacobi
871 1548 1035 1583 triennis
1061 1550 1223 1591 (supra,
1244 1556 1343 1591 pay.
1362 1547 1425 1588 93,
1449 1549 1542 1589 seq.)
1567 1546 1684 1580 etiam
1708 1546 1812 1589 ipse,

379 1609 518 1638 contra
534 1605 813 1644 Assemanum‚
832 1604 881 1636 de
898 1603 994 1636 vino
1018 1604 1252 1636 consecrato
1275 1610 1298 1635 a
1322 1610 1445 1644 puero
1467 1600 1608 1634 hausto
1625 1599 1815 1643 interpre-

380 1661 496 1691 tatur.
512 1657 609 1699 Alia,
629 1657 755 1700 capite
773 1660 970 1699 sequente,
989 1656 1052 1689 ubi
1066 1660 1331 1699 opportunum
1344 1654 1475 1688 visum
1488 1653 1618 1696 fuerit,
1635 1652 1812 1687 enotabo.

382 1711 453 1745 Hic
485 1710 728 1745 solummodo
748 1737 756 1752 ,
791 1710 883 1754 quia
915 1709 963 1744 ad
995 1715 1225 1752 antegressa
1257 1708 1497 1750 referuntur,
1527 1707 1604 1742 duo
1636 1706 1814 1742 addenda

381 1774 466 1798 esse
486 1763 610 1798 video.

425 1818 603 1852 Primum
631 1823 711 1859 est,
744 1817 978 1861 Georgium,
1003 1817 1255 1860 pcmegsyrz'ez‘
1283 1821 1509 1858 auctorem,
1535 1824 1559 1849 a
1587 1814 1812 1849 doctissimo

380 1871 630 1906 bollandiano
655 1872 790 1906 haberi
807 1871 952 1906 Jacobs>
971 1871 1167 1905 Edesseno
1192 1870 1383 1914 {equalem
1408 1870 1568 1913 ejusque
1588 1869 1720 1903 forsan
1736 1869 1812 1903 dis·

380 1925 574 1969 cipulum3
594 1925 697 1960 hune
721 1935 794 1969 ego
817 1934 949 1968 supra,
962 1934 1032 1967 pp.
1051 1926 1164 1965 86-88,
1182 1924 1305 1968 ipsius
1325 1923 1557 1967 Sarugensis
1576 1922 1812 1966 discipulum

380 1986 417 2015 et
441 1981 488 2015 ab
513 1980 637 2015 altero
660 1980 820 2023 ziuniore
848 1980 1016 2023 quodam
1041 1979 1225 2023 Georgii),
1245 1979 1393 2022 pariter
1414 1977 1589 2013 Arabum
1613 1978 1810 2021 episcopo,

379 2033 698 2077 distinguendum
722 2033 886 2067 asserui.
908 2035 1047 2067 Fateor
1076 2042 1170 2066 sane
1194 2032 1450 2076 quaestionem
1475 2041 1560 2066 esse
1585 2030 1812 2075 impeditam

379 2093 438 2129 et,
469 2092 617 2122 attenta
646 2087 830 2131 praesenti
858 2086 1184 2121 documentorum
1212 2085 1400 2130 penuria,
1427 2094 1533 2129 aegre
1546 2084 1810 2127 ,solvendam;

379 2143 442 2178 cui
467 2142 633 2178 forsitan
657 2142 835 2176 nonnihil
859 2142 956 2177 lucis
973 2142 1021 2176 ab
1039 2151 1084 2176 eo
1102 2141 1249 2176 affundi
1273 2146 1421 2184 posset,
1441 2140 1506 2184 qui
1522 2141 1653 2175 vitam
1670 2140 1812 2174 Jacobz'

379 2198 588 2240 Edessam,
606 2198 702 2231 vz'tae
725 2198 866 2231 Jacobz'
889 2197 1136 2240 &cremensis
1163 2197 1435 2241 conjunctam,
1465 2194 1591 2238 qualis
1618 2198 1744 2229 exstat
1770 2194 1810 2228 in

379 2252 513 2287 codice
542 2252 679 2286 musaei
704 2251 912 2286 britannici
942 2252 991 2286 12.
1022 2252 1080 2285 174
1098 2253 1192 2285 cedd.
1219 2261 1328 2292 msa,
1347 2254 1492 2294 praesto
1517 2249 1677 2284 haberet
1701 2249 1809 2290 (vide

379 2311 513 2341 notam
538 2305 586 2340 ad
602 2316 646 2349 p.
664 2306 740 2347 89).
762 2306 923 2340 Interim
940 2310 1172 2349 argumenta
1195 2310 1232 2340 et
1247 2305 1507 2349 coniecturae,
1533 2303 1673 2348 quibus
1691 2305 1808 2338 Geor-

380 2360 488 2403 gium
513 2359 664 2394 duobus
686 2359 809 2393 ferme
838 2359 992 2394 saeculis
1018 2359 1230 2402 Sarugensi
1257 2358 1517 2403 posteriorem
1536 2357 1657 2392 fuisse
1683 2357 1808 2392 effice-

379 2418 490 2447 retur
504 2440 512 2454 ,
532 2422 578 2446 ea
593 2422 672 2447 non
688 2417 796 2455 sunt,
814 2422 901 2447 meo
919 2412 1252 2456 quidemJudicio,
1272 2421 1357 2456 quae
1373 2411 1587 2446 dilucidum
1604 2415 1641 2444 et
1658 2415 1810 2445 certum

380 2465 558 2509 Gregorii
597 2466 822 2500 Barhebraei
867 2465 1131 2500 testimonium
1151 2493 1159 2508 ‚
1194 2465 1444 2500 amanuensis
1484 2464 1809 2499 contestationem

378 2519 659 2554 verosimiliter
686 2530 734 2554 ex
761 2519 894 2554 codice
922 2519 1134 2563 antiquiori
1163 2519 1426 2563 desumptam,
1455 2522 1592 2562 atque,
1620 2523 1808 2562 quantum

379 2575 512 2618 sapio,
542 2574 785 2618 probabilem
812 2574 934 2618 ipsius
958 2574 1113 2618 Georgii
1142 2573 1426 2609 confessionem
1455 2577 1562 2608 certo
1585 2572 1809 2608 convellere

380 2632 535 2672 queant.

423 2682 619 2723 Alterum,
649 2683 750 2725 quod
787 2682 1001 2727 adiungere
1030 2683 1230 2724 volebam,
1260 2683 1308 2717 ad
1337 2682 1485 2717 cultum
1513 2685 1661 2725 spectat
1691 2689 1806 2724 quem
