1931 3239
621 206 757 234 JACOBI
782 206 925 234 SARUG.
953 207 1060 234 νΙΤΑ,
1516 201 1558 233 79

188 299 295 342 Dum
333 298 444 342 videt
474 297 656 354 aliquem
689 306 862 354 propter
891 299 1035 342 „lesum
1068 298 1271 341 tenaciter
1304 299 1556 354 patientem,

128 394 354 436 numquam
401 380 561 423 accedit
605 380 655 423 ad
702 380 840 435 ipsum
876 380 1075 430 omnino,
1110 381 1206 436 quia
1252 380 1287 423 is
1323 393 1418 423 eum
1459 394 1558 424 con-

126 462 290 505 temnit.

188 543 267 586 Ubi
299 542 524 584 thalamum
548 540 661 584 videt
691 542 894 585 mundum
919 555 940 585 a
961 542 1264 593 fornicatione,
1288 543 1343 586 ibi
1365 544 1399 586 si
1419 550 1558 599 potest

127 624 381 667 adulterium
405 623 608 666 admiscet
637 623 844 666 diabolus.
864 623 941 666 Ubi
963 623 1075 666 videt
1106 637 1291 667 amorem
1314 625 1355 666 in
1387 625 1559 668 bomine

127 718 278 763 purum
297 738 307 756 ‚
336 704 581 761 supervenit
620 704 734 759 ipse,
762 704 957 759 injiciens
987 704 1171 755 caedem,
1204 718 1350 748 necem
1372 712 1413 748 et
1446 720 1557 761 quae-

128 789 230 832 libet
263 788 496 831 malefacta.
528 786 608 830 Ubi
637 786 749 829 videt
781 787 996 829 hominem
1028 787 1175 830 salutis
1209 800 1296 830 suae
1330 788 1557 831 sollicitum

128 870 243 913 mille
277 870 448 926 laqueos
479 882 621 912 coram
665 869 755 925 ipso
784 868 942 920 tendit,
976 877 1020 911 ut
1054 869 1338 925 praecipitetur
1371 870 1412 911 in
1441 883 1528 913 eos.

189 1109 272 1153 Sed
307 1116 538 1167 quantum,
572 1110 722 1153 fratres
749 1110 857 1160 mei,
894 1109 1033 1153 dicere
1066 1110 1277 1166 possimus
1307 1110 1358 1154 de
1391 1111 1562 1154 inimico

130 1198 302 1242 nostro,
335 1198 480 1235 contra
514 1191 633 1247 cujus
668 1199 784 1234 astus
818 1199 859 1234 et
893 1191 1067 1234 insidias
1102 1204 1226 1235 nemo
1255 1200 1337 1235 stat
1367 1196 1560 1236 securus!

131 1273 276 1328 ltaque
317 1281 581 1317 transeamus
618 1273 670 1316 ab
701 1274 781 1316 hoc
817 1286 1014 1317 sermone
1048 1273 1099 1316 de
1132 1281 1304 1326 satana,
1334 1284 1374 1318 et
1407 1276 1457 1318 ad
1493 1289 1562 1331 pa-

133 1361 237 1398 treni
264 1362 456 1398 nostrum
480 1355 731 1398 accedentes
759 1354 868 1411 apud
900 1355 1039 1410 ipsum
1069 1355 1275 1412 refugium
1307 1356 1563 1408 habeamus3

130 1438 271 1495 ipsum
303 1440 576 1488 invocemus,
611 1446 781 1482 orantes
813 1446 855 1481 et
898 1439 1088 1481 dicentes
1124 1453 1133 1479 ε
1171 1440 1402 1495 protende,
1435 1442 1564 1484 bene-

132 1521 244 1564 dicte
297 1528 441 1577 pater‚
487 1521 703 1564 dexteram
752 1529 867 1563 tuam
924 1522 1031 1563 hanc
1076 1534 1201 1576 quam
1245 1523 1473 1565 extendisti
1522 1523 1564 1566 in

132 1603 397 1646 orationibus
431 1611 473 1646 et
504 1603 886 1659 supplicationibus
922 1603 973 1646 ad
1010 1604 1159 1646 Deum.
1198 1604 1297 1646 Haec
1338 1605 1460 1647 nobis
1495 1606 1565 1648 ad-

132 1688 258 1730 ducat
287 1687 586 1738 clementiam,
626 1687 942 1730 miserationem
976 1695 1016 1730 et
1044 1687 1207 1730 veniam
1243 1696 1509 1743 peccatorum
1543 1703 1565 1731 a

132 1769 315 1812 Domino
346 1776 417 1811 tuo
447 1781 573 1824 quem
596 1769 776 1811 multum
808 1768 1021 1818 dilexisti,
1051 1768 1122 1823 qui
1153 1768 1325 1812 exaudit
1358 1776 1398 1812 te
1430 1783 1568 1824 neque

134 1858 273 1907 potest
298 1851 394 1894 ullis
422 1851 547 1894 rectis
580 1851 857 1907 petitionibus
888 1849 1100 1895 resistere.

196 2042 388 2085 Extende
411 2041 625 2085 dexteram
645 2050 758 2084 tuam
782 2049 823 2084 et
848 2041 1024 2084 benedic
1042 2040 1191 2083 ovibus
1212 2041 1285 2082 tibi
1311 2041 1566 2089 commissis,

135 2139 239 2182 quas
270 2134 340 2176 tu,
373 2134 491 2182 pater
519 2133 686 2174 noster,
717 2125 943 2181 diligenter
973 2133 1014 2168 et
1044 2124 1259 2180 sapienter
1294 2123 1458 2179 pavisti.
1485 2124 1568 2166 Ex-

136 2207 264 2250 tende
304 2206 520 2250 dexteram
565 2214 678 2248 tuam
720 2212 762 2248 et
807 2204 986 2248 benedic
1030 2205 1179 2248 ovibus
1222 2204 1304 2247 tuis
1346 2212 1388 2246 et
1426 2205 1567 2260 agnis,

184 2360 213 2382 v.
247 2351 326 2383 515.
364 2349 500 2390 Proprie
533 2358 541 2380 t
579 2348 635 2380 cui
670 2358 755 2380 cura
790 2352 840 2380 est
875 2352 913 2380 uc
945 2347 1121 2390 possideat
1156 2348 1264 2379 vitam
1298 2356 1408 2379 suam.
1449 2349 1567 2381 Vocem

135 2407 227 2454 ὶ-ἱ-ᾳ]
270 2422 336 2446 non
359 2412 506 2453 amplius
530 2411 681 2444 dilucide
708 2411 928 2452 comparebat
951 2411 985 2442 in
1011 2419 1071 2442 ms.

184 2497 214 2519 v.
242 2488 321 2520 516.
346 2486 424 2518 293
448 2497 489 2519 ex
512 2487 663 2527 vestigiis
688 2487 854 2519 ductuum
880 2486 1023 2526 conjeci.

185 2571 214 2593 v.
242 2562 320 2593 517.
348 2553 500 2615 ,gg-§52
521 2565 572 2593 est
596 2561 631 2591 in
653 2560 726 2592 cod.
754 2559 826 2592 fere
848 2559 1018 2590 abrasum.

187 2646 216 2668 v.
243 2637 320 2669 518.
346 2622 427 2673 >ol-b
452 2634 564 2673 edidi,
591 2642 795 2676 quamquam
820 2633 933 2665 littera
958 2630 1067 2664 media
1092 2639 1111 2663 c
1131 2630 1246 2662 charta
1272 2629 1395 2662 detrita
1421 2630 1562 2663 abierat.
