1931 3239
304 224 369 258 320
939 232 1099 259 THEsns.

984 375 1056 416 111.

369 496 506 551 AEque
535 502 693 550 aperte,
722 507 775 537 ne
801 494 937 537 dicam
963 495 1215 543 evidentius,
1245 495 1390 539 eadem
1416 495 1589 538 notione
1616 495 1736 538 refel-

309 566 454 608 luntur
477 567 547 621 qui
572 566 705 608 Deum
730 566 1002 609 concretione
1027 566 1230 609 materiali
1260 567 1320 608 vel
1354 579 1529 622 corpore
1552 567 1736 609 humano

307 644 573 681 constantem
608 637 685 680 sibi
719 650 860 680 crasso
895 650 1039 681 errore
1075 646 1388 693 persuaserunt.

990 794 1059 834 IV.

368 919 525 974 Nugari
552 918 753 961 censendi
781 925 879 960 sunt
907 917 1139 974 Religionis
1168 918 1331 968 hostes,
1361 917 1460 959 dum
1488 924 1739 974 conceptum

312 991 386 1033 Dei
416 990 646 1046 corporalis
679 1003 735 1032 ss.
767 989 917 1032 litteris
951 990 1118 1032 edoceri
1150 1001 1339 1031 asserere
1379 989 1487 1031 haud
1528 996 1740 1032 verentur.

283 1066 287 1069 ’
311 1062 467 1117 lnjuria
523 1074 691 1116 quoque
757 1061 981 1111 nonnulli,
1026 1061 1150 1103 etiarn
1204 1060 1397 1103 catholici
1423 1091 1433 1107 ‚
1497 1059 1740 1102 Melitonem

312 1133 592 1181 Sardensem,
628 1132 761 1174 virum
798 1132 968 1188 ingenio
1003 1140 1043 1175 et
1079 1132 1301 1174 sanctitate
1334 1131 1635 1187 conspicuum,
1670 1144 1743 1173 an-

314 1203 714 1260 thropomorphismi
740 1203 1061 1254 insimularunt;
1082 1215 1174 1258 quae
1196 1202 1307 1244 enim
1331 1202 1411 1257 ipsi
1433 1201 1743 1256 objiciebantur

314 1290 398 1320 non
431 1276 567 1320 solum
603 1277 809 1319 levissima
837 1283 959 1319 erant
989 1283 1030 1318 et
1061 1276 1295 1331 priscorum
1332 1274 1587 1317 testimoniis
1616 1273 1742 1316 etiam

314 1356 413 1391 tunc
449 1348 568 1390 facile
601 1347 895 1397 dissolvenda,
925 1346 996 1389 sed
1030 1354 1229 1402 praeterea
1264 1345 1396 1402 ipsius
1424 1345 1608 1388 auctoris
1637 1346 1743 1401 frag-

314 1421 467 1464 mentis
499 1420 670 1477 syriacis
694 1433 829 1475 nuper
856 1420 1038 1462 inventis
1059 1419 1104 1475 (t)
1131 1418 1352 1474 splendide
1377 1430 1488 1460 nunc
1510 1417 1743 1459 diluuntur.

1002 1589 1050 1628 V.

375 1712 480 1755 Cum
515 1712 626 1754 Deus
656 1724 739 1754 non
771 1711 945 1754 visibilis
978 1717 1141 1753 tantum
1172 1717 1213 1753 et
1247 1710 1427 1766 physicae
1462 1708 1748 1752 universitatis

313 1784 367 1825 sit
406 1783 626 1831 dominns,
667 1783 741 1825 sed
778 1783 904 1824 etiam
950 1781 1112 1825 ordinis
1152 1780 1499 1836 suprasensibilis
1544 1778 1748 1835 regnique

314 1855 485 1897 moralis
523 1862 694 1905 auctor,
730 1854 973 1897 moderator
1008 1867 1056 1896 ac
1095 1853 1272 1902 vindex,
1315 1852 1438 1908 plane
1475 1850 1750 1906 consequitur

315 1940 393 1970 nos
430 1927 605 1970 rationis
639 1926 866 1969 dictamine
899 1927 950 1969 ad
986 1939 1082 1969 eum
1117 1925 1340 1968 colendum
1374 1924 1508 1967 teneri
1539 1936 1589 1966 eo
1623 1922 1749 1966 modo

315 2011 440 2053 quem
479 1998 567 2053 ipse
601 1998 873 2053 praescribere
905 1997 1098 2040 voluerit.

991 2155 1060 2194 Vl.

380 2287 525 2330 Potuit
553 2287 679 2329 etiam
704 2287 817 2329 Deus
841 2286 1036 2343 mysteria
1062 2294 1103 2328 et
1126 2286 1322 2328 mandata
1348 2284 1524 2341 positiva
1555 2282 1754 2332 revelare,

319 2371 452 2414 eaque
487 2359 638 2408 homo,
670 2371 766 2400 cum
803 2358 880 2414 ipsi
913 2366 1028 2401 certo
1060 2357 1348 2407 innotuerint,
1390 2357 1555 2411 integro
1599 2354 1754 2398 mentis

320 2444 368 2473 ac
399 2430 538 2473 cordis
572 2431 778 2485 obsequio
810 2431 934 2474 debet
971 2431 1180 2486 amplecti.

368 2582 410 2622 (1)
437 2581 498 2613 eff.
542 2580 766 2626 Spicileyium
801 2584 977 2626 syriacum
1016 2583 1057 2624 by
1097 2581 1147 2612 W.
1182 2581 1352 2618 Cureton,
1384 2577 1521 2610 London
1563 2575 1666 2612 1855,
1700 2582 1755 2614 pp-

321 2652 509 2706 ῥ-»ωῇ
535 2655 755 2700 Spicileqium
778 2655 1003 2692 SMesmense,
1024 2656 1102 2685 tom.
1129 2650 1186 2690 ΙΙ,
1210 2661 1265 2693 pp.
1285 2658 1408 2682 xxxvin
1426 2658 1511 2691 sqq„
1532 2646 1633 2679 Paris.
1658 2643 1755 2676 1855.
