1931 3239
299 167 434 194 JACOBI
460 169 601 194 sARL‘fi.
630 168 830 195 DOCTRINA
855 169 904 195 DE
930 169 1242 196 INCARNAUONE.
1425 163 1478 197 l‘Jl

46 256 332 305 substantiva,
370 270 542 299 necesse
580 257 705 300 etiam
755 266 817 301 est
850 266 894 300 ut
929 272 1008 301 una
1039 259 1270 315 eademque
1302 274 1478 316 persona

47 336 269 383 regantur,
305 341 399 370 cum
433 328 594 370 notioni
630 329 940 384 personalitatis
971 331 1146 374 omnino
1188 343 1392 388 repugnet
1429 347 1479 376 ex

46 401 207 443 duabus
246 400 438 456 personis
477 401 633 456 aliquid
674 414 770 444 vere
821 410 861 444 et
914 403 1080 445 realiter
1126 418 1254 446 unum
1292 405 1478 450 conssari.

47 473 179 515 Porro
210 485 284 526 per
309 485 353 514 se
383 471 482 513 nihil
513 472 684 527 impedit
714 473 941 528 quominus
965 473 1203 528 hujusmodi
1234 477 1332 518 uuio
1357 485 1481 519 natu·

46 546 149 587 ralis
181 543 442 598 appelletur,
474 557 727 599 quamquam
763 557 845 586 non
878 545 998 587 unica
1032 554 1176 587 natura
1206 560 1257 589 ex
1288 548 1478 597 duabus,

47 615 119 657 sed
147 614 239 656 duae
267 622 361 669 post
391 614 589 656 unionem
620 615 885 665 exstiterint;
912 619 1120 657 naturate's
1153 624 1216 659 est
1243 619 1352 673 quod
1386 632 1480 662 vera

45 686 171 727 suerit
215 685 302 727 haec
352 693 594 727 naturarum
651 686 814 735 unitio,
858 694 899 728 et
949 699 1031 729 non
1094 695 1252 729 tantum
1315 698 1481 733 constet

46 757 131 799 sola
156 756 356 812 opinione
384 764 424 798 et
454 756 696 811 apparentia
716 789 725 805 ‚
756 756 817 799 vel
851 765 1023 799 externa
1059 759 1239 813 quadam
1281 760 1480 804 relatione

46 836 116 870 aut
166 828 412 871 habitudine
457 843 465 870 ε
511 841 594 884 quo
651 829 802 871 iterum
850 842 976 871 sensu
1020 828 1152 874 ἕνωσιν
1196 839 1350 892 φυσικήν
1394 834 1480 875 sive

45 901 187 950 άληθήν
226 898 453 954 usurpabat
497 897 673 953 Cyrillus
707 899 782 954 (i);
820 907 946 954 atque
977 899 1031 941 ita
1073 914 1241 956 quoque
1270 902 1479 954 jacobus,

46 970 148 1012 citra
179 983 349 1013 omnem
382 970 666 1026 suspicionem
687 1004 696 1021 ,
730 971 814 1013 imo
844 972 1006 1026 optimo
1036 972 1237 1015 adversus
1267 974 1481 1017 Nestoria-

46 1053 123 1084 nos
148 1050 425 1097 argumento,
458 1042 658 1084 unionem
690 1043 992 1098 hypostaticam
1030 1044 1178 1085 factam
1214 1044 1343 1087 fuisse
1372 1046 1475 1088 dixit

46 1112 190 1156 luha-*a
238 1113 325 1156 sive
371 1116 648 1162 naturaliter,
698 1111 799 1151 κατὰ
845 1110 966 1169 φύσιν.
1002 1115 1150 1157 Utrum
1197 1129 1293 1158 vero
1334 1130 1476 1160 Vocem

44 1186 230 1231 Δ-οΙ-δὲῦ-Ι-ο
261 1191 529 1242 personaliter
569 1202 640 1231 seu
674 1191 950 1241 hypostatice,
986 1187 1070 1228 καθ’
1105 1189 1328 1241 ὑπόστασιν,
1359 1192 1478 1248 juxta

45 1255 87 1298 S.
117 1256 255 1312 Cyrilli
287 1259 568 1308 sententiam,
606 1258 665 1300 vel
698 1258 835 1313 potius
870 1259 1151 1301 recentiorum
1186 1261 1475 1318 theologorum

46 1329 172 1372 modo
199 1330 481 1380 intellexerit,
513 1343 596 1372 non
624 1330 725 1372 satis
761 1331 889 1385 liquet
922 1344 971 1373 ex
1001 1339 1217 1374 contextu.
1243 1333 1449 1388 Equidem
1468 1367 1477 1384 ,

46 1400 232 1455 inspecta
269 1408 390 1443 aetate
422 1415 500 1456 qua
535 1402 623 1443 hcet:
649 1401 885 1449 scribebat,
914 1402 1052 1457 potius
1089 1413 1278 1458 putarem
1317 1404 1354 1447 id
1381 1418 1476 1447 eum

47 1473 174 1527 priori
206 1485 333 1514 sensu
363 1472 552 1527 accipere
584 1472 780 1514 debuisse
813 1472 872 1527 (2).

108 1610 178 1652 Ill.
204 1635 258 1640 —
284 1609 456 1652 Gravior
493 1610 658 1651 videtur
692 1609 874 1665 objectio
913 1622 963 1651 ex
1000 1610 1151 1652 duobis
1187 1611 1329 1654 Jacobi
1373 1612 1475 1655 locis

47 1682 188 1738 petita,
209 1681 249 1723 iu
275 1681 428 1736 quibus
449 1681 595 1723 scribit
614 1695 696 1722 non
718 1695 800 1723 esse
822 1683 1041 1734 ¹unicuique
1062 1689 1227 1725 naturae
1251 1686 1289 1725 iu
1312 1685 1478 1727 Christo

41 1756 216 1807 propria
268 1766 346 1795 sua
400 1749 628 1795 tribuenda.
667 1753 719 1796 Ut
759 1761 899 1795 autem
955 1766 1002 1795 ex
1054 1762 1254 1796 contextu
1300 1758 1477 1810 quaestio

48 1826 195 1868 melius
248 1825 544 1881 perspiciatur,
593 1833 732 1867 textus
784 1825 996 1881 integros,
1055 1825 1148 1867 licet
1198 1827 1474 1880 prolixiores,

47 1897 112 1939 hic
142 1896 373 1950 producere
411 1895 535 1937 volui.
571 1896 691 1937 Prior
727 1896 880 1951 legitur
918 1896 959 1937 in
992 1897 1176 1937 carmine
1222 1900 1267 1939 cle
1301 1899 1478 1960 Θεοτέκῳ

45 1975 80 2009 et
129 1974 272 2009 contra
332 1973 580 2009 scrutatores
633 1985 643 2008 .·
699 1973 920 2021 postquam
977 1966 1271 2009 animadvertit
1332 1978 1479 2011 auctor

49 2055 66 2079 <t
108 2040 289 2082 Verbum
324 2038 642 2094 (incarnatum)
678 2047 850 2093 propter
877 2038 1007 2093 ipsam
1050 2052 1167 2080 suam
1210 2041 1475 2084 altitudinem

47 2123 130 2153 non
163 2110 290 2153 fuisse
323 2124 344 2152 a
373 2111 530 2152 mundo
564 2109 823 2152 intellectum
857 2110 902 2165 (3)
933 2126 951 2148 1>
985 2118 1027 2152 et
1065 2110 1254 2165 pluribus
1300 2113 1478 2155 asseruit

93 2274 135 2314 (1)
161 2274 221 2306 Cff.
250 2274 408 2315 vasquez,
436 2276 657 2306 commentar.
684 2273 722 2306 in
749 2274 815 2316 ὄρ.
833 2271 868 2304 S.
890 2271 1039 2310 Therme,
1059 2272 1189 2314 disput,
1214 2273 1263 2310 17,
1280 2283 1354 2315 cap.
1381 2275 1415 2312 5,
1444 2281 1476 2306 et

48 2332 219 2369 Petavius,
246 2331 287 2362 cle
312 2330 491 2364 Incarnat.
517 2331 574 2363 tib.
602 2333 644 2368 5,
670 2341 743 2372 cap.
771 2331 802 2361 4.

95 2401 138 2440 (ε’)
165 2401 342 2433 Posteriori
369 2407 480 2433 tamen
507 2410 606 2433 sensu
646 2401 730 2432 hanc
758 2400 962 2431 locutionem
989 2398 1109 2438 accipit
1136 2398 1168 2428 S.
1197 2398 1359 2429 Maximus
1385 2399 1474 2440 apud

49 2458 262 2498 Euthymium
290 2458 322 2488 in
346 2458 535 2500 panoplia.
566 2467 634 2498 par.
663 2458 682 2488 2
701 2482 708 2495 ‚
738 2457 788 2488 tit.
820 2457 871 2487 15.

95 2527 135 2565 (3)
166 2525 246 2557 Cod.
278 2526 353 2562 ΞΠ,
381 2525 439 2556 sol.
467 2524 531 2557 69.
560 2525 624 2556 col.
654 2525 688 2556 2³
717 2535 723 2555 ε

296 2602 511 2646 2me
563 2602 585 2645 ἰ]
640 2603 777 2638 οὶιαεό
829 2609 923 2656 <320
976 2598 1096 2640 izv-xx
1152 2613 1206 2634 ..σι
1258 2598 1324 2641 1.ιό
