<?xml version="1.0" encoding="UTF-8"?>
<!DOCTYPE html PUBLIC "-//W3C//DTD XHTML 1.0 Transitional//EN"
    "http://www.w3.org/TR/xhtml1/DTD/xhtml1-transitional.dtd">
<html xmlns="http://www.w3.org/1999/xhtml" xml:lang="en" lang="en">
 <head>
  <title>
</title>
<meta http-equiv="Content-Type" content="text/html;charset=utf-8" />
  <meta name='ocr-system' content='tesseract 3.04.00' />
  <meta name='ocr-capabilities' content='ocr_page ocr_carea ocr_par ocr_line ocrx_word'/>
</head>
<body>
  <div class='ocr_page' id='page_1' title='image "./devitaetscriptis00abbeuoft_0277.png"; bbox 0 0 1931 3239; ppageno 0'>
   <div class='ocr_carea' id='block_1_1' title="bbox 528 167 1492 202">
    <p class='ocr_par' dir='ltr' id='par_1_1' title="bbox 528 167 1492 202">
     <span class='ocr_line' id='line_1_1' title="bbox 528 167 1492 202; baseline 0.006 -6"><span class='ocrx_word' id='word_1_1' title='bbox 528 168 695 197; x_wconf 76' lang='lat' dir='ltr'><strong>CARMEN</strong></span> <span class='ocrx_word' id='word_1_2' title='bbox 720 171 732 197; x_wconf 96' lang='lat'>1</span> <span class='ocrx_word' id='word_1_3' title='bbox 757 171 807 198; x_wconf 83' lang='lat' dir='ltr'>DE</span> <span class='ocrx_word' id='word_1_4' title='bbox 833 172 867 198; x_wconf 87' lang='lat' dir='ltr'>B.</span> <span class='ocrx_word' id='word_1_5' title='bbox 895 172 931 198; x_wconf 81' lang='lat' dir='ltr'>v,</span> <span class='ocrx_word' id='word_1_6' title='bbox 958 173 1001 199; x_wconf 88' lang='lat' dir='ltr'>M.</span> <span class='ocrx_word' id='word_1_7' title='bbox 1426 167 1492 202; x_wconf 75' lang='grc'>249</span> 
     </span>
    </p>
   </div>
   <div class='ocr_carea' id='block_1_2' title="bbox 51 260 1487 323">
    <p class='ocr_par' dir='ltr' id='par_1_2' title="bbox 51 260 1487 323">
     <span class='ocr_line' id='line_1_2' title="bbox 51 260 1487 323; baseline 0.006 -18"><span class='ocrx_word' id='word_1_8' title='bbox 51 267 92 305; x_wconf 91' lang='lat' dir='ltr'>et</span> <span class='ocrx_word' id='word_1_9' title='bbox 120 260 161 303; x_wconf 91' lang='lat' dir='ltr'>in</span> <span class='ocrx_word' id='word_1_10' title='bbox 186 260 266 304; x_wconf 87' lang='lat' dir='ltr'>alta</span> <span class='ocrx_word' id='word_1_11' title='bbox 305 274 405 317; x_wconf 88' lang='lat' dir='ltr'>pace</span> <span class='ocrx_word' id='word_1_12' title='bbox 433 264 675 308; x_wconf 68' lang='lat' dir='ltr'>constitutae</span> <span class='ocrx_word' id='word_1_13' title='bbox 700 273 800 309; x_wconf 91' lang='lat' dir='ltr'>sunt</span> <span class='ocrx_word' id='word_1_14' title='bbox 831 274 971 323; x_wconf 87' lang='lat' dir='ltr'>partes</span> <span class='ocrx_word' id='word_1_15' title='bbox 1001 267 1137 312; x_wconf 90' lang='lat' dir='ltr'>adhuc</span> <span class='ocrx_word' id='word_1_16' title='bbox 1165 268 1236 312; x_wconf 86' lang='lat' dir='ltr'>irae</span> <span class='ocrx_word' id='word_1_17' title='bbox 1262 270 1458 314; x_wconf 84' lang='lat' dir='ltr'>obnoxiae</span> <span class='ocrx_word' id='word_1_18' title='bbox 1476 303 1487 323; x_wconf 92' lang='lat'>,</span> 
     </span>
    </p>
   </div>
   <div class='ocr_carea' id='block_1_3' title="bbox 50 346 1488 473">
    <p class='ocr_par' dir='ltr' id='par_1_3' title="bbox 50 346 1488 473">
     <span class='ocr_line' id='line_1_3' title="bbox 50 346 1488 412; baseline 0.009 -25"><span class='ocrx_word' id='word_1_19' title='bbox 50 352 92 389; x_wconf 92' lang='lat' dir='ltr'>et</span> <span class='ocrx_word' id='word_1_20' title='bbox 119 346 285 389; x_wconf 89' lang='lat' dir='ltr'>transiit</span> <span class='ocrx_word' id='word_1_21' title='bbox 321 349 593 404; x_wconf 88' lang='lat' dir='ltr'>opprobrium</span> <span class='ocrx_word' id='word_1_22' title='bbox 632 350 744 406; x_wconf 87' lang='lat' dir='ltr'>quod</span> <span class='ocrx_word' id='word_1_23' title='bbox 784 352 948 396; x_wconf 88' lang='lat' dir='ltr'>cunctis</span> <span class='ocrx_word' id='word_1_24' title='bbox 990 353 1157 397; x_wconf 85' lang='lat' dir='ltr'>seminis</span> <span class='ocrx_word' id='word_1_25' title='bbox 1186 367 1207 398; x_wconf 84' lang='lat' dir='ltr'>a</span> <span class='ocrx_word' id='word_1_26' title='bbox 1255 356 1488 412; x_wconf 87' lang='lat' dir='ltr'>generatio-</span> 
     </span>
     <span class='ocr_line' id='line_1_4' title="bbox 50 428 455 473; baseline 0.007 -3"><span class='ocrx_word' id='word_1_27' title='bbox 50 428 175 472; x_wconf 89' lang='lat' dir='ltr'>nibus</span> <span class='ocrx_word' id='word_1_28' title='bbox 202 429 455 473; x_wconf 77' lang='lat' dir='ltr'>adhaerebat.</span> 
     </span>
    </p>
   </div>
   <div class='ocr_carea' id='block_1_4' title="bbox 47 565 1486 1115">
    <p class='ocr_par' dir='ltr' id='par_1_4' title="bbox 48 565 1486 702">
     <span class='ocr_line' id='line_1_5' title="bbox 109 565 1486 630; baseline 0.009 -24"><span class='ocrx_word' id='word_1_29' title='bbox 109 565 190 607; x_wconf 90' lang='lat' dir='ltr'>Per</span> <span class='ocrx_word' id='word_1_30' title='bbox 225 565 333 608; x_wconf 89' lang='lat' dir='ltr'>hanc</span> <span class='ocrx_word' id='word_1_31' title='bbox 377 572 519 622; x_wconf 89' lang='lat' dir='ltr'>aperta</span> <span class='ocrx_word' id='word_1_32' title='bbox 556 566 634 609; x_wconf 85' lang='lat' dir='ltr'>suit</span> <span class='ocrx_word' id='word_1_33' title='bbox 682 567 849 612; x_wconf 90' lang='lat' dir='ltr'>occlusa</span> <span class='ocrx_word' id='word_1_34' title='bbox 887 569 950 612; x_wconf 90' lang='lat' dir='ltr'>via</span> <span class='ocrx_word' id='word_1_35' title='bbox 989 570 1171 622; x_wconf 88' lang='lat' dir='ltr'>Edenis‚</span> <span class='ocrx_word' id='word_1_36' title='bbox 1202 573 1364 630; x_wconf 81' lang='lat' dir='ltr'>aufugit</span> <span class='ocrx_word' id='word_1_37' title='bbox 1398 587 1486 619; x_wconf 92' lang='lat' dir='ltr'>ser-</span> 
     </span>
     <span class='ocr_line' id='line_1_6' title="bbox 48 648 1017 702; baseline 0.007 -14"><span class='ocrx_word' id='word_1_38' title='bbox 48 658 153 702; x_wconf 87' lang='lat' dir='ltr'>pens</span> <span class='ocrx_word' id='word_1_39' title='bbox 183 654 225 690; x_wconf 87' lang='lat' dir='ltr'>et</span> <span class='ocrx_word' id='word_1_40' title='bbox 253 648 409 691; x_wconf 89' lang='lat' dir='ltr'>reversi</span> <span class='ocrx_word' id='word_1_41' title='bbox 436 656 535 692; x_wconf 86' lang='lat' dir='ltr'>sunt</span> <span class='ocrx_word' id='word_1_42' title='bbox 564 650 756 694; x_wconf 89' lang='lat' dir='ltr'>homines</span> <span class='ocrx_word' id='word_1_43' title='bbox 788 651 839 694; x_wconf 91' lang='lat' dir='ltr'>ad</span> <span class='ocrx_word' id='word_1_44' title='bbox 868 652 1017 695; x_wconf 90' lang='lat' dir='ltr'>Deum.</span> 
     </span>
    </p>

    <p class='ocr_par' dir='ltr' id='par_1_5' title="bbox 47 728 1485 938">
     <span class='ocr_line' id='line_1_7' title="bbox 108 728 1483 790; baseline 0.008 -19"><span class='ocrx_word' id='word_1_45' title='bbox 108 728 189 772; x_wconf 87' lang='lat' dir='ltr'>Per</span> <span class='ocrx_word' id='word_1_46' title='bbox 219 729 326 773; x_wconf 91' lang='lat' dir='ltr'>hanc</span> <span class='ocrx_word' id='word_1_47' title='bbox 363 731 519 774; x_wconf 82' lang='lat' dir='ltr'>cherub</span> <span class='ocrx_word' id='word_1_48' title='bbox 547 732 722 776; x_wconf 78' lang='lat' dir='ltr'>retraxit</span> <span class='ocrx_word' id='word_1_49' title='bbox 769 733 954 790; x_wconf 83' lang='lat' dir='ltr'>gladium</span> <span class='ocrx_word' id='word_1_50' title='bbox 989 747 1137 786; x_wconf 88' lang='lat' dir='ltr'>suum,</span> <span class='ocrx_word' id='word_1_51' title='bbox 1167 743 1212 779; x_wconf 92' lang='lat' dir='ltr'>ut</span> <span class='ocrx_word' id='word_1_52' title='bbox 1245 749 1298 780; x_wconf 92' lang='lat' dir='ltr'>ne</span> <span class='ocrx_word' id='word_1_53' title='bbox 1329 737 1483 782; x_wconf 86' lang='lat' dir='ltr'>iterum</span> 
     </span>
     <span class='ocr_line' id='line_1_8' title="bbox 47 809 1485 876; baseline 0.007 -24"><span class='ocrx_word' id='word_1_54' title='bbox 47 809 280 853; x_wconf 82' lang='lat' dir='ltr'>custodiret</span> <span class='ocrx_word' id='word_1_55' title='bbox 304 811 499 855; x_wconf 85' lang='lat' dir='ltr'>arborem</span> <span class='ocrx_word' id='word_1_56' title='bbox 526 812 647 865; x_wconf 81' lang='lat' dir='ltr'>vitae,</span> <span class='ocrx_word' id='word_1_57' title='bbox 675 826 768 869; x_wconf 90' lang='lat' dir='ltr'>quae</span> <span class='ocrx_word' id='word_1_58' title='bbox 797 814 979 870; x_wconf 86' lang='lat' dir='ltr'>seipsam</span> <span class='ocrx_word' id='word_1_59' title='bbox 1004 814 1090 871; x_wconf 88' lang='lat' dir='ltr'>jam</span> <span class='ocrx_word' id='word_1_60' title='bbox 1126 816 1280 860; x_wconf 89' lang='lat' dir='ltr'>obtulit</span> <span class='ocrx_word' id='word_1_61' title='bbox 1315 818 1358 861; x_wconf 92' lang='lat' dir='ltr'>in</span> <span class='ocrx_word' id='word_1_62' title='bbox 1393 832 1485 876; x_wconf 91' lang='lat' dir='ltr'>gra-</span> 
     </span>
     <span class='ocr_line' id='line_1_9' title="bbox 49 892 539 938; baseline 0.008 -4"><span class='ocrx_word' id='word_1_63' title='bbox 49 892 147 935; x_wconf 88' lang='lat' dir='ltr'>tiam</span> <span class='ocrx_word' id='word_1_64' title='bbox 177 893 539 938; x_wconf 85' lang='lat' dir='ltr'>manducantium.</span> 
     </span>
    </p>

    <p class='ocr_par' dir='ltr' id='par_1_6' title="bbox 47 975 1484 1115">
     <span class='ocr_line' id='line_1_10' title="bbox 109 975 1484 1032; baseline 0.007 -14"><span class='ocrx_word' id='word_1_65' title='bbox 109 975 207 1019; x_wconf 89' lang='lat' dir='ltr'>Haec</span> <span class='ocrx_word' id='word_1_66' title='bbox 242 976 358 1019; x_wconf 91' lang='lat' dir='ltr'>dedit</span> <span class='ocrx_word' id='word_1_67' title='bbox 389 977 511 1020; x_wconf 91' lang='lat' dir='ltr'>nobis</span> <span class='ocrx_word' id='word_1_68' title='bbox 546 977 728 1021; x_wconf 88' lang='lat' dir='ltr'>fructum</span> <span class='ocrx_word' id='word_1_69' title='bbox 766 978 958 1030; x_wconf 86' lang='lat' dir='ltr'>dulcem,</span> <span class='ocrx_word' id='word_1_70' title='bbox 1005 979 1241 1032; x_wconf 87' lang='lat' dir='ltr'>vivificum,</span> <span class='ocrx_word' id='word_1_71' title='bbox 1277 988 1322 1024; x_wconf 90' lang='lat' dir='ltr'>ut</span> <span class='ocrx_word' id='word_1_72' title='bbox 1349 995 1400 1026; x_wconf 82' lang='lat' dir='ltr'>ex</span> <span class='ocrx_word' id='word_1_73' title='bbox 1433 995 1484 1027; x_wconf 89' lang='lat' dir='ltr'>eo</span> 
     </span>
     <span class='ocr_line' id='line_1_11' title="bbox 47 1056 1130 1115; baseline 0.004 -15"><span class='ocrx_word' id='word_1_74' title='bbox 47 1056 221 1100; x_wconf 88' lang='lat' dir='ltr'>edamus</span> <span class='ocrx_word' id='word_1_75' title='bbox 251 1065 294 1101; x_wconf 89' lang='lat' dir='ltr'>et</span> <span class='ocrx_word' id='word_1_76' title='bbox 324 1058 366 1100; x_wconf 91' lang='lat' dir='ltr'>in</span> <span class='ocrx_word' id='word_1_77' title='bbox 395 1065 648 1115; x_wconf 90' lang='lat' dir='ltr'>perpetuum</span> <span class='ocrx_word' id='word_1_78' title='bbox 677 1072 773 1103; x_wconf 92' lang='lat' dir='ltr'>cum</span> <span class='ocrx_word' id='word_1_79' title='bbox 809 1061 896 1104; x_wconf 91' lang='lat' dir='ltr'>Deo</span> <span class='ocrx_word' id='word_1_80' title='bbox 928 1060 1130 1104; x_wconf 90' lang='lat' dir='ltr'>vivamus.</span> 
     </span>
    </p>
   </div>
   <div class='ocr_carea' id='block_1_5' title="bbox 38 1171 1485 2389">
    <p class='ocr_par' dir='ltr' id='par_1_7' title="bbox 43 1171 1483 1312">
     <span class='ocr_line' id='line_1_12' title="bbox 106 1171 1483 1233; baseline 0.005 -19"><span class='ocrx_word' id='word_1_81' title='bbox 106 1171 169 1214; x_wconf 84' lang='lat' dir='ltr'>Ex</span> <span class='ocrx_word' id='word_1_82' title='bbox 197 1172 274 1215; x_wconf 87' lang='lat' dir='ltr'>hac</span> <span class='ocrx_word' id='word_1_83' title='bbox 301 1178 420 1215; x_wconf 91' lang='lat' dir='ltr'>ortus</span> <span class='ocrx_word' id='word_1_84' title='bbox 446 1179 511 1215; x_wconf 91' lang='lat' dir='ltr'>est</span> <span class='ocrx_word' id='word_1_85' title='bbox 542 1172 664 1216; x_wconf 91' lang='lat' dir='ltr'>nobis</span> <span class='ocrx_word' id='word_1_86' title='bbox 692 1185 870 1230; x_wconf 86' lang='lat' dir='ltr'>magnus</span> <span class='ocrx_word' id='word_1_87' title='bbox 898 1173 1075 1230; x_wconf 88' lang='lat' dir='ltr'>justitiae</span> <span class='ocrx_word' id='word_1_88' title='bbox 1101 1175 1164 1218; x_wconf 93' lang='lat' dir='ltr'>sol</span> <span class='ocrx_word' id='word_1_89' title='bbox 1194 1183 1236 1219; x_wconf 91' lang='lat' dir='ltr'>et</span> <span class='ocrx_word' id='word_1_90' title='bbox 1262 1177 1483 1233; x_wconf 87' lang='lat' dir='ltr'>magnifica</span> 
     </span>
     <span class='ocr_line' id='line_1_13' title="bbox 43 1255 770 1312; baseline 0.004 -14"><span class='ocrx_word' id='word_1_91' title='bbox 43 1256 115 1299; x_wconf 82' lang='lat' dir='ltr'>lux</span> <span class='ocrx_word' id='word_1_92' title='bbox 149 1255 345 1299; x_wconf 87' lang='lat' dir='ltr'>tenebras</span> <span class='ocrx_word' id='word_1_93' title='bbox 376 1255 538 1312; x_wconf 91' lang='lat' dir='ltr'>pellens</span> <span class='ocrx_word' id='word_1_94' title='bbox 569 1269 621 1301; x_wconf 85' lang='lat' dir='ltr'>ex</span> <span class='ocrx_word' id='word_1_95' title='bbox 652 1258 770 1301; x_wconf 92' lang='lat' dir='ltr'>orbe.</span> 
     </span>
    </p>

    <p class='ocr_par' dir='ltr' id='par_1_8' title="bbox 43 1340 1484 1478">
     <span class='ocr_line' id='line_1_14' title="bbox 104 1340 1484 1401; baseline 0.004 -19"><span class='ocrx_word' id='word_1_96' title='bbox 104 1341 150 1383; x_wconf 90' lang='lat' dir='ltr'>ln</span> <span class='ocrx_word' id='word_1_97' title='bbox 178 1340 255 1383; x_wconf 86' lang='lat' dir='ltr'>hac</span> <span class='ocrx_word' id='word_1_98' title='bbox 285 1340 366 1383; x_wconf 91' lang='lat' dir='ltr'>sibi</span> <span class='ocrx_word' id='word_1_99' title='bbox 403 1340 659 1397; x_wconf 87' lang='lat' dir='ltr'>complacuit</span> <span class='ocrx_word' id='word_1_100' title='bbox 694 1342 842 1392; x_wconf 89' lang='lat' dir='ltr'>Pater,</span> <span class='ocrx_word' id='word_1_101' title='bbox 875 1349 920 1385; x_wconf 93' lang='lat' dir='ltr'>ut</span> <span class='ocrx_word' id='word_1_102' title='bbox 951 1341 1070 1386; x_wconf 85' lang='lat' dir='ltr'>fieret</span> <span class='ocrx_word' id='word_1_103' title='bbox 1104 1349 1240 1387; x_wconf 87' lang='lat' dir='ltr'>mater</span> <span class='ocrx_word' id='word_1_104' title='bbox 1270 1343 1484 1401; x_wconf 84' lang='lat' dir='ltr'>Unigeniti</span> 
     </span>
     <span class='ocr_line' id='line_1_15' title="bbox 43 1420 1118 1478; baseline 0.001 -12"><span class='ocrx_word' id='word_1_105' title='bbox 43 1421 134 1472; x_wconf 90' lang='lat' dir='ltr'>sui,</span> <span class='ocrx_word' id='word_1_106' title='bbox 166 1420 347 1478; x_wconf 89' lang='lat' dir='ltr'>ideoque</span> <span class='ocrx_word' id='word_1_107' title='bbox 376 1422 619 1466; x_wconf 86' lang='lat' dir='ltr'>beatissima</span> <span class='ocrx_word' id='word_1_108' title='bbox 651 1423 729 1466; x_wconf 85' lang='lat' dir='ltr'>fuit</span> <span class='ocrx_word' id='word_1_109' title='bbox 759 1423 871 1467; x_wconf 89' lang='lat' dir='ltr'>inter</span> <span class='ocrx_word' id='word_1_110' title='bbox 903 1424 1118 1468; x_wconf 88' lang='lat' dir='ltr'>mortales.</span> 
     </span>
    </p>

    <p class='ocr_par' dir='ltr' id='par_1_9' title="bbox 38 1503 1485 2223">
     <span class='ocr_line' id='line_1_16' title="bbox 105 1503 1485 1564; baseline 0.004 -19"><span class='ocrx_word' id='word_1_111' title='bbox 105 1503 245 1546; x_wconf 75' lang='lat' dir='ltr'>«Mihi</span> <span class='ocrx_word' id='word_1_112' title='bbox 288 1503 416 1561; x_wconf 89' lang='lat' dir='ltr'>igitur</span> <span class='ocrx_word' id='word_1_113' title='bbox 465 1504 770 1549; x_wconf 87' lang='lat' dir='ltr'>beatitudinem</span> <span class='ocrx_word' id='word_1_114' title='bbox 820 1505 1064 1549; x_wconf 87' lang='lat' dir='ltr'>adscribent</span> <span class='ocrx_word' id='word_1_115' title='bbox 1115 1518 1263 1550; x_wconf 88' lang='lat' dir='ltr'>omnes</span> <span class='ocrx_word' id='word_1_116' title='bbox 1309 1519 1485 1564; x_wconf 88' lang='lat' dir='ltr'>genera-</span> 
     </span>
     <span class='ocr_line' id='line_1_17' title="bbox 39 1586 1480 1644; baseline 0.003 -15"><span class='ocrx_word' id='word_1_117' title='bbox 39 1586 207 1630; x_wconf 83' lang='lat' dir='ltr'>tiones!</span> <span class='ocrx_word' id='word_1_118' title='bbox 232 1602 252 1625; x_wconf 78' lang='lat'>»</span> <span class='ocrx_word' id='word_1_119' title='bbox 283 1586 531 1630; x_wconf 85' lang='lat' dir='ltr'>exclamavit</span> <span class='ocrx_word' id='word_1_120' title='bbox 559 1586 711 1638; x_wconf 90' lang='lat' dir='ltr'>Maria,</span> <span class='ocrx_word' id='word_1_121' title='bbox 737 1587 879 1631; x_wconf 88' lang='lat' dir='ltr'>animo</span> <span class='ocrx_word' id='word_1_122' title='bbox 917 1591 1063 1632; x_wconf 76' lang='lat' dir='ltr'>coelesti</span> <span class='ocrx_word' id='word_1_123' title='bbox 1102 1588 1263 1633; x_wconf 90' lang='lat' dir='ltr'>lumine</span> <span class='ocrx_word' id='word_1_124' title='bbox 1288 1592 1480 1644; x_wconf 83' lang='lat' dir='ltr'>perfuso,</span> 
     </span>
     <span class='ocr_line' id='line_1_18' title="bbox 39 1671 1481 1732; baseline 0.003 -18"><span class='ocrx_word' id='word_1_125' title='bbox 39 1679 213 1728; x_wconf 87' lang='lat' dir='ltr'>propter</span> <span class='ocrx_word' id='word_1_126' title='bbox 249 1672 432 1715; x_wconf 88' lang='lat' dir='ltr'>fructum</span> <span class='ocrx_word' id='word_1_127' title='bbox 469 1685 608 1715; x_wconf 87' lang='lat' dir='ltr'>suum.</span> <span class='ocrx_word' id='word_1_128' title='bbox 646 1671 825 1715; x_wconf 89' lang='lat' dir='ltr'>Videbat</span> <span class='ocrx_word' id='word_1_129' title='bbox 863 1673 1018 1729; x_wconf 85' lang='lat' dir='ltr'>quippe</span> <span class='ocrx_word' id='word_1_130' title='bbox 1053 1674 1104 1716; x_wconf 91' lang='lat' dir='ltr'>ad</span> <span class='ocrx_word' id='word_1_131' title='bbox 1147 1681 1353 1729; x_wconf 86' lang='lat' dir='ltr'>quantum</span> <span class='ocrx_word' id='word_1_132' title='bbox 1392 1676 1481 1732; x_wconf 88' lang='lat' dir='ltr'>ipsa</span> 
     </span>
     <span class='ocr_line' id='line_1_19' title="bbox 38 1753 1482 1813; baseline 0.003 -17"><span class='ocrx_word' id='word_1_133' title='bbox 38 1754 215 1811; x_wconf 87' lang='lat' dir='ltr'>gradum</span> <span class='ocrx_word' id='word_1_134' title='bbox 252 1754 539 1805; x_wconf 87' lang='lat' dir='ltr'>ascendisset,</span> <span class='ocrx_word' id='word_1_135' title='bbox 576 1754 868 1810; x_wconf 89' lang='lat' dir='ltr'>mundumque</span> <span class='ocrx_word' id='word_1_136' title='bbox 907 1753 998 1810; x_wconf 89' lang='lat' dir='ltr'>ejus</span> <span class='ocrx_word' id='word_1_137' title='bbox 1043 1755 1351 1800; x_wconf 89' lang='lat' dir='ltr'>beatitudinem</span> <span class='ocrx_word' id='word_1_138' title='bbox 1385 1771 1482 1813; x_wconf 93' lang='lat' dir='ltr'>pro-</span> 
     </span>
     <span class='ocr_line' id='line_1_20' title="bbox 39 1836 1482 1896; baseline 0.003 -16"><span class='ocrx_word' id='word_1_139' title='bbox 39 1836 292 1880; x_wconf 89' lang='lat' dir='ltr'>clamantem</span> <span class='ocrx_word' id='word_1_140' title='bbox 316 1849 412 1879; x_wconf 91' lang='lat' dir='ltr'>cum</span> <span class='ocrx_word' id='word_1_141' title='bbox 441 1836 602 1892; x_wconf 81' lang='lat' dir='ltr'>ingenti</span> <span class='ocrx_word' id='word_1_142' title='bbox 629 1836 924 1880; x_wconf 87' lang='lat' dir='ltr'>admiratione.</span> <span class='ocrx_word' id='word_1_143' title='bbox 953 1837 1153 1880; x_wconf 87' lang='lat' dir='ltr'>Praevidit</span> <span class='ocrx_word' id='word_1_144' title='bbox 1182 1837 1322 1882; x_wconf 86' lang='lat' dir='ltr'>futura</span> <span class='ocrx_word' id='word_1_145' title='bbox 1348 1852 1482 1896; x_wconf 86' lang='lat' dir='ltr'>eaque</span> 
     </span>
     <span class='ocr_line' id='line_1_21' title="bbox 39 1919 1479 1976; baseline 0.003 -15"><span class='ocrx_word' id='word_1_146' title='bbox 39 1919 203 1962; x_wconf 88' lang='lat' dir='ltr'>elocuta</span> <span class='ocrx_word' id='word_1_147' title='bbox 231 1925 318 1968; x_wconf 89' lang='lat' dir='ltr'>est,</span> <span class='ocrx_word' id='word_1_148' title='bbox 351 1931 505 1974; x_wconf 89' lang='lat' dir='ltr'>nempe</span> <span class='ocrx_word' id='word_1_149' title='bbox 551 1919 730 1975; x_wconf 90' lang='lat' dir='ltr'>populos</span> <span class='ocrx_word' id='word_1_150' title='bbox 775 1926 899 1962; x_wconf 87' lang='lat' dir='ltr'>terrae</span> <span class='ocrx_word' id='word_1_151' title='bbox 945 1920 1279 1976; x_wconf 88' lang='lat' dir='ltr'>proclamaturos</span> <span class='ocrx_word' id='word_1_152' title='bbox 1314 1922 1479 1966; x_wconf 86' lang='lat' dir='ltr'>beatam</span> 
     </span>
     <span class='ocr_line' id='line_1_22' title="bbox 39 1999 1479 2057; baseline 0.003 -14"><span class='ocrx_word' id='word_1_153' title='bbox 39 2000 173 2057; x_wconf 87' lang='lat' dir='ltr'>ipsius</span> <span class='ocrx_word' id='word_1_154' title='bbox 213 2000 511 2057; x_wconf 84' lang='lat' dir='ltr'>virginitatem.</span> <span class='ocrx_word' id='word_1_155' title='bbox 565 2000 647 2043; x_wconf 90' lang='lat' dir='ltr'>Per</span> <span class='ocrx_word' id='word_1_156' title='bbox 695 1999 900 2055; x_wconf 89' lang='lat' dir='ltr'>Spiritum</span> <span class='ocrx_word' id='word_1_157' title='bbox 950 2001 1119 2044; x_wconf 88' lang='lat' dir='ltr'>rescivit</span> <span class='ocrx_word' id='word_1_158' title='bbox 1159 2001 1312 2044; x_wconf 89' lang='lat' dir='ltr'>Filium</span> <span class='ocrx_word' id='word_1_159' title='bbox 1355 2016 1479 2046; x_wconf 90' lang='lat' dir='ltr'>suum</span> 
     </span>
     <span class='ocr_line' id='line_1_23' title="bbox 41 2083 1483 2141; baseline 0.003 -14"><span class='ocrx_word' id='word_1_160' title='bbox 41 2097 134 2128; x_wconf 87' lang='lat' dir='ltr'>esse</span> <span class='ocrx_word' id='word_1_161' title='bbox 162 2096 304 2140; x_wconf 87' lang='lat' dir='ltr'>regem</span> <span class='ocrx_word' id='word_1_162' title='bbox 334 2083 524 2126; x_wconf 91' lang='lat' dir='ltr'>omnium</span> <span class='ocrx_word' id='word_1_163' title='bbox 566 2084 844 2141; x_wconf 86' lang='lat' dir='ltr'>populorum,</span> <span class='ocrx_word' id='word_1_164' title='bbox 877 2096 926 2126; x_wconf 90' lang='lat' dir='ltr'>ac</span> <span class='ocrx_word' id='word_1_165' title='bbox 956 2083 1083 2127; x_wconf 90' lang='lat' dir='ltr'>veluti</span> <span class='ocrx_word' id='word_1_166' title='bbox 1113 2084 1317 2129; x_wconf 85' lang='lat' dir='ltr'>tributum</span> <span class='ocrx_word' id='word_1_167' title='bbox 1351 2086 1483 2131; x_wconf 89' lang='lat' dir='ltr'>beati-</span> 
     </span>
     <span class='ocr_line' id='line_1_24' title="bbox 40 2166 1001 2223; baseline 0 -14"><span class='ocrx_word' id='word_1_168' title='bbox 40 2166 200 2209; x_wconf 91' lang='lat' dir='ltr'>tudinis</span> <span class='ocrx_word' id='word_1_169' title='bbox 232 2166 575 2223; x_wconf 88' lang='lat' dir='ltr'>praedicationem</span> <span class='ocrx_word' id='word_1_170' title='bbox 610 2180 632 2210; x_wconf 87' lang='lat' dir='ltr'>a</span> <span class='ocrx_word' id='word_1_171' title='bbox 663 2166 820 2223; x_wconf 89' lang='lat' dir='ltr'>linguis</span> <span class='ocrx_word' id='word_1_172' title='bbox 848 2167 1001 2223; x_wconf 86' lang='lat' dir='ltr'>exegit.</span> 
     </span>
    </p>

    <p class='ocr_par' dir='ltr' id='par_1_10' title="bbox 41 2248 1480 2389">
     <span class='ocr_line' id='line_1_25' title="bbox 103 2248 1480 2306; baseline 0.002 -15"><span class='ocrx_word' id='word_1_173' title='bbox 103 2249 246 2306; x_wconf 86' lang='lat' dir='ltr'>ltaque</span> <span class='ocrx_word' id='word_1_174' title='bbox 283 2257 325 2293; x_wconf 91' lang='lat' dir='ltr'>et</span> <span class='ocrx_word' id='word_1_175' title='bbox 364 2262 442 2293; x_wconf 87' lang='lat' dir='ltr'>nos</span> <span class='ocrx_word' id='word_1_176' title='bbox 478 2250 617 2293; x_wconf 86' lang='lat' dir='ltr'>Beatae</span> <span class='ocrx_word' id='word_1_177' title='bbox 654 2248 779 2305; x_wconf 88' lang='lat' dir='ltr'>hujus</span> <span class='ocrx_word' id='word_1_178' title='bbox 823 2248 1130 2292; x_wconf 87' lang='lat' dir='ltr'>beatitudinem</span> <span class='ocrx_word' id='word_1_179' title='bbox 1177 2249 1480 2304; x_wconf 72' lang='lat' dir='ltr'>praedicemus,</span> 
     </span>
     <span class='ocr_line' id='line_1_26' title="bbox 41 2331 1329 2389; baseline 0 -14"><span class='ocrx_word' id='word_1_180' title='bbox 41 2331 160 2389; x_wconf 90' lang='lat' dir='ltr'>cujus</span> <span class='ocrx_word' id='word_1_181' title='bbox 186 2332 403 2376; x_wconf 88' lang='lat' dir='ltr'>beatitudo</span> <span class='ocrx_word' id='word_1_182' title='bbox 430 2333 571 2376; x_wconf 87' lang='lat' dir='ltr'>omnia</span> <span class='ocrx_word' id='word_1_183' title='bbox 600 2332 729 2376; x_wconf 89' lang='lat' dir='ltr'>totius</span> <span class='ocrx_word' id='word_1_184' title='bbox 762 2332 908 2376; x_wconf 88' lang='lat' dir='ltr'>mundi</span> <span class='ocrx_word' id='word_1_185' title='bbox 939 2345 1011 2376; x_wconf 91' lang='lat' dir='ltr'>ora</span> <span class='ocrx_word' id='word_1_186' title='bbox 1042 2333 1329 2376; x_wconf 87' lang='lat' dir='ltr'>transcendit!</span> 
     </span>
    </p>
   </div>
   <div class='ocr_carea' id='block_1_6' title="bbox 42 2524 573 2644">
    <p class='ocr_par' dir='ltr' id='par_1_11' title="bbox 42 2524 573 2644">
     <span class='ocr_line' id='line_1_27' title="bbox 42 2524 425 2582; baseline -0.021 -11"><span class='ocrx_word' id='word_1_187' title='bbox 42 2540 116 2573; x_wconf 75' lang='lat' dir='ltr'>pag·</span> <span class='ocrx_word' id='word_1_188' title='bbox 158 2524 256 2582; x_wconf 52' lang='grc' dir='ltr'>,λδ-ιν</span> <span class='ocrx_word' id='word_1_189' title='bbox 294 2529 425 2572; x_wconf 65' lang='lat'>(554).</span> 
     </span>
     <span class='ocr_line' id='line_1_28' title="bbox 87 2603 573 2644; baseline -0.006 -6"><span class='ocrx_word' id='word_1_190' title='bbox 87 2615 115 2638; x_wconf 91' lang='lat' dir='ltr'>v.</span> <span class='ocrx_word' id='word_1_191' title='bbox 143 2605 220 2638; x_wconf 76' lang='lat'>496.</span> <span class='ocrx_word' id='word_1_192' title='bbox 247 2605 328 2638; x_wconf 88' lang='lat' dir='ltr'>Cod.</span> <span class='ocrx_word' id='word_1_193' title='bbox 360 2606 424 2638; x_wconf 81' lang='lat'>117</span> <span class='ocrx_word' id='word_1_194' title='bbox 452 2613 460 2636; x_wconf 73' lang='grc' dir='ltr'><strong>ε</strong></span> <span class='ocrx_word' id='word_1_195' title='bbox 486 2603 573 2644; x_wconf 60' lang='grc'>»952</span> 
     </span>
    </p>
   </div>
  </div>
 </body>
</html>
