<?xml version="1.0" encoding="UTF-8"?>
<!DOCTYPE html PUBLIC "-//W3C//DTD XHTML 1.0 Transitional//EN"
    "http://www.w3.org/TR/xhtml1/DTD/xhtml1-transitional.dtd">
<html xmlns="http://www.w3.org/1999/xhtml" xml:lang="en" lang="en">
 <head>
  <title>
</title>
<meta http-equiv="Content-Type" content="text/html;charset=utf-8" />
  <meta name='ocr-system' content='tesseract 3.04.00' />
  <meta name='ocr-capabilities' content='ocr_page ocr_carea ocr_par ocr_line ocrx_word'/>
</head>
<body>
  <div class='ocr_page' id='page_1' title='image "./devitaetscriptis00abbeuoft_0313.png"; bbox 0 0 1931 3239; ppageno 0'>
   <div class='ocr_carea' id='block_1_1' title="bbox 599 194 1562 228">
    <p class='ocr_par' dir='ltr' id='par_1_1' title="bbox 599 194 1562 228">
     <span class='ocr_line' id='line_1_1' title="bbox 599 194 1562 228; baseline 0.001 -1"><span class='ocrx_word' id='word_1_1' title='bbox 599 201 765 228; x_wconf 75' lang='lat' dir='ltr'>CARMEN</span> <span class='ocrx_word' id='word_1_2' title='bbox 792 202 819 227; x_wconf 90' lang='lat'>11</span> <span class='ocrx_word' id='word_1_3' title='bbox 844 201 893 227; x_wconf 87' lang='lat' dir='ltr'>DE</span> <span class='ocrx_word' id='word_1_4' title='bbox 919 202 953 227; x_wconf 87' lang='lat' dir='ltr'>B.</span> <span class='ocrx_word' id='word_1_5' title='bbox 981 202 1016 226; x_wconf 75' lang='lat' dir='ltr'>V.</span> <span class='ocrx_word' id='word_1_6' title='bbox 1046 202 1086 227; x_wconf 78' lang='lat' dir='ltr'>M.</span> <span class='ocrx_word' id='word_1_7' title='bbox 1498 194 1562 228; x_wconf 60' lang='grc'>285</span> 
     </span>
    </p>
   </div>
   <div class='ocr_carea' id='block_1_2' title="bbox 122 292 1559 1006">
    <p class='ocr_par' dir='ltr' id='par_1_2' title="bbox 122 292 1556 430">
     <span class='ocr_line' id='line_1_2' title="bbox 122 292 1556 351; baseline 0.001 -17"><span class='ocrx_word' id='word_1_8' title='bbox 122 292 246 335; x_wconf 88' lang='lat' dir='ltr'>simul</span> <span class='ocrx_word' id='word_1_9' title='bbox 274 301 314 336; x_wconf 90' lang='lat' dir='ltr'>et</span> <span class='ocrx_word' id='word_1_10' title='bbox 343 301 545 344; x_wconf 78' lang='lat' dir='ltr'>matrem3</span> <span class='ocrx_word' id='word_1_11' title='bbox 573 294 753 338; x_wconf 82' lang='lat' dir='ltr'>claustra</span> <span class='ocrx_word' id='word_1_12' title='bbox 782 294 996 351; x_wconf 79' lang='lat' dir='ltr'>virginalia</span> <span class='ocrx_word' id='word_1_13' title='bbox 1031 307 1124 337; x_wconf 80' lang='lat' dir='ltr'>cuni</span> <span class='ocrx_word' id='word_1_14' title='bbox 1158 302 1277 350; x_wconf 89' lang='lat' dir='ltr'>partu</span> <span class='ocrx_word' id='word_1_15' title='bbox 1308 294 1556 337; x_wconf 85' lang='lat' dir='ltr'>mirabunda</span> 
     </span>
     <span class='ocr_line' id='line_1_3' title="bbox 123 375 660 430; baseline 0.002 -13"><span class='ocrx_word' id='word_1_16' title='bbox 123 375 165 417; x_wconf 89' lang='lat' dir='ltr'>in</span> <span class='ocrx_word' id='word_1_17' title='bbox 197 375 334 430; x_wconf 89' lang='lat' dir='ltr'>seipsa</span> <span class='ocrx_word' id='word_1_18' title='bbox 366 377 660 420; x_wconf 86' lang='lat' dir='ltr'>consideravit.</span> 
     </span>
    </p>

    <p class='ocr_par' dir='ltr' id='par_1_3' title="bbox 122 456 1558 677">
     <span class='ocr_line' id='line_1_4' title="bbox 183 456 1555 513; baseline 0.001 -14"><span class='ocrx_word' id='word_1_19' title='bbox 183 456 314 499; x_wconf 91' lang='lat' dir='ltr'>Filius</span> <span class='ocrx_word' id='word_1_20' title='bbox 355 457 540 513; x_wconf 83' lang='lat' dir='ltr'>Virginis</span> <span class='ocrx_word' id='word_1_21' title='bbox 583 458 625 499; x_wconf 93' lang='lat' dir='ltr'>in</span> <span class='ocrx_word' id='word_1_22' title='bbox 665 457 756 512; x_wconf 91' lang='lat' dir='ltr'>ipso</span> <span class='ocrx_word' id='word_1_23' title='bbox 802 458 876 499; x_wconf 80' lang='lat' dir='ltr'>viae</span> <span class='ocrx_word' id='word_1_24' title='bbox 919 470 1006 500; x_wconf 87' lang='lat' dir='ltr'>suae</span> <span class='ocrx_word' id='word_1_25' title='bbox 1050 458 1172 499; x_wconf 90' lang='lat' dir='ltr'>initio</span> <span class='ocrx_word' id='word_1_26' title='bbox 1217 466 1393 500; x_wconf 84' lang='lat' dir='ltr'>matrem</span> <span class='ocrx_word' id='word_1_27' title='bbox 1436 472 1555 500; x_wconf 91' lang='lat' dir='ltr'>suam</span> 
     </span>
     <span class='ocr_line' id='line_1_5' title="bbox 122 538 1558 595; baseline 0.001 -14"><span class='ocrx_word' id='word_1_28' title='bbox 122 548 296 594; x_wconf 89' lang='lat' dir='ltr'>stupore</span> <span class='ocrx_word' id='word_1_29' title='bbox 336 538 497 588; x_wconf 83' lang='lat' dir='ltr'>affecit,</span> <span class='ocrx_word' id='word_1_30' title='bbox 542 539 742 595; x_wconf 83' lang='lat' dir='ltr'>deinceps</span> <span class='ocrx_word' id='word_1_31' title='bbox 780 552 877 582; x_wconf 92' lang='lat' dir='ltr'>vero</span> <span class='ocrx_word' id='word_1_32' title='bbox 915 539 1040 582; x_wconf 87' lang='lat' dir='ltr'>etiam</span> <span class='ocrx_word' id='word_1_33' title='bbox 1078 547 1242 582; x_wconf 88' lang='lat' dir='ltr'>ceteros</span> <span class='ocrx_word' id='word_1_34' title='bbox 1280 539 1558 582; x_wconf 77' lang='lat' dir='ltr'>admiratione</span> 
     </span>
     <span class='ocr_line' id='line_1_6' title="bbox 123 620 967 677; baseline 0.001 -15"><span class='ocrx_word' id='word_1_35' title='bbox 123 620 298 676; x_wconf 91' lang='lat' dir='ltr'>replevit</span> <span class='ocrx_word' id='word_1_36' title='bbox 325 634 399 677; x_wconf 91' lang='lat' dir='ltr'>per</span> <span class='ocrx_word' id='word_1_37' title='bbox 431 621 620 677; x_wconf 80' lang='lat' dir='ltr'>prodigia</span> <span class='ocrx_word' id='word_1_38' title='bbox 652 634 745 677; x_wconf 82' lang='lat' dir='ltr'>quae</span> <span class='ocrx_word' id='word_1_39' title='bbox 777 622 967 677; x_wconf 83' lang='lat' dir='ltr'>patravit.</span> 
     </span>
    </p>

    <p class='ocr_par' dir='ltr' id='par_1_4' title="bbox 123 702 1559 1006">
     <span class='ocr_line' id='line_1_7' title="bbox 184 702 1557 758; baseline -0.001 -14"><span class='ocrx_word' id='word_1_40' title='bbox 184 702 308 745; x_wconf 84' lang='lat' dir='ltr'><strong>Fides</strong></span> <span class='ocrx_word' id='word_1_41' title='bbox 340 702 486 758; x_wconf 81' lang='lat' dir='ltr'>igitur,</span> <span class='ocrx_word' id='word_1_42' title='bbox 520 703 587 745; x_wconf 91' lang='lat' dir='ltr'>cui</span> <span class='ocrx_word' id='word_1_43' title='bbox 620 703 745 745; x_wconf 86' lang='lat' dir='ltr'>etiam</span> <span class='ocrx_word' id='word_1_44' title='bbox 783 703 947 745; x_wconf 86' lang='lat' dir='ltr'>occulta</span> <span class='ocrx_word' id='word_1_45' title='bbox 981 702 1201 744; x_wconf 84' lang='lat' dir='ltr'>manifesta</span> <span class='ocrx_word' id='word_1_46' title='bbox 1235 709 1357 751; x_wconf 86' lang='lat' dir='ltr'>sunt,</span> <span class='ocrx_word' id='word_1_47' title='bbox 1392 702 1557 743; x_wconf 88' lang='lat' dir='ltr'>initium</span> 
     </span>
     <span class='ocr_line' id='line_1_8' title="bbox 123 784 1559 841; baseline 0 -15"><span class='ocrx_word' id='word_1_48' title='bbox 123 786 198 827; x_wconf 88' lang='lat' dir='ltr'>viae</span> <span class='ocrx_word' id='word_1_49' title='bbox 235 784 326 841; x_wconf 87' lang='lat' dir='ltr'>ejus</span> <span class='ocrx_word' id='word_1_50' title='bbox 365 785 612 828; x_wconf 87' lang='lat' dir='ltr'>mirabunda</span> <span class='ocrx_word' id='word_1_51' title='bbox 656 786 845 828; x_wconf 89' lang='lat' dir='ltr'>intuetur</span> <span class='ocrx_word' id='word_1_52' title='bbox 883 786 1041 839; x_wconf 86' lang='lat' dir='ltr'>absque</span> <span class='ocrx_word' id='word_1_53' title='bbox 1082 785 1368 836; x_wconf 78' lang='lat' dir='ltr'>haesitatione3</span> <span class='ocrx_word' id='word_1_54' title='bbox 1408 798 1559 840; x_wconf 89' lang='lat' dir='ltr'>nempe</span> 
     </span>
     <span class='ocr_line' id='line_1_9' title="bbox 123 867 1559 923; baseline -0.001 -14"><span class='ocrx_word' id='word_1_55' title='bbox 123 867 249 916; x_wconf 87' lang='lat' dir='ltr'>fides,</span> <span class='ocrx_word' id='word_1_56' title='bbox 279 867 374 922; x_wconf 89' lang='lat' dir='ltr'>quia</span> <span class='ocrx_word' id='word_1_57' title='bbox 401 867 517 910; x_wconf 85' lang='lat' dir='ltr'>novit</span> <span class='ocrx_word' id='word_1_58' title='bbox 545 868 638 923; x_wconf 91' lang='lat' dir='ltr'>quis</span> <span class='ocrx_word' id='word_1_59' title='bbox 669 867 723 910; x_wconf 89' lang='lat' dir='ltr'>sit</span> <span class='ocrx_word' id='word_1_60' title='bbox 757 868 825 910; x_wconf 87' lang='lat' dir='ltr'>itte</span> <span class='ocrx_word' id='word_1_61' title='bbox 863 875 905 910; x_wconf 90' lang='lat' dir='ltr'>et</span> <span class='ocrx_word' id='word_1_62' title='bbox 936 867 1055 922; x_wconf 85' lang='lat' dir='ltr'>cujus</span> <span class='ocrx_word' id='word_1_63' title='bbox 1089 867 1221 916; x_wconf 63' lang='lat' dir='ltr'>filius,</span> <span class='ocrx_word' id='word_1_64' title='bbox 1253 880 1346 909; x_wconf 87' lang='lat' dir='ltr'>cum</span> <span class='ocrx_word' id='word_1_65' title='bbox 1379 867 1559 910; x_wconf 83' lang='lat' dir='ltr'>admira-</span> 
     </span>
     <span class='ocr_line' id='line_1_10' title="bbox 125 948 1352 1006; baseline 0 -15"><span class='ocrx_word' id='word_1_66' title='bbox 125 949 238 992; x_wconf 91' lang='lat' dir='ltr'>tione</span> <span class='ocrx_word' id='word_1_67' title='bbox 266 956 349 992; x_wconf 92' lang='lat' dir='ltr'>tam</span> <span class='ocrx_word' id='word_1_68' title='bbox 376 950 538 993; x_wconf 88' lang='lat' dir='ltr'>occulta</span> <span class='ocrx_word' id='word_1_69' title='bbox 566 949 656 1005; x_wconf 89' lang='lat' dir='ltr'>ejus</span> <span class='ocrx_word' id='word_1_70' title='bbox 687 963 818 1006; x_wconf 87' lang='lat' dir='ltr'>quum</span> <span class='ocrx_word' id='word_1_71' title='bbox 849 949 1069 992; x_wconf 77' lang='lat' dir='ltr'>manifesta</span> <span class='ocrx_word' id='word_1_72' title='bbox 1100 948 1352 992; x_wconf 78' lang='lat' dir='ltr'>considerat.</span> 
     </span>
    </p>
   </div>
   <div class='ocr_carea' id='block_1_3' title="bbox 122 1087 1559 2221">
    <p class='ocr_par' dir='ltr' id='par_1_5' title="bbox 122 1087 1559 1476">
     <span class='ocr_line' id='line_1_11' title="bbox 186 1087 1559 1144; baseline 0.002 -15"><span class='ocrx_word' id='word_1_73' title='bbox 186 1087 344 1138; x_wconf 84' lang='lat' dir='ltr'>Heres,</span> <span class='ocrx_word' id='word_1_74' title='bbox 385 1089 455 1144; x_wconf 92' lang='lat' dir='ltr'>qui</span> <span class='ocrx_word' id='word_1_75' title='bbox 490 1096 643 1131; x_wconf 89' lang='lat' dir='ltr'>terram</span> <span class='ocrx_word' id='word_1_76' title='bbox 684 1089 941 1132; x_wconf 76' lang='lat' dir='ltr'>devastatam</span> <span class='ocrx_word' id='word_1_77' title='bbox 983 1090 1223 1132; x_wconf 87' lang='lat' dir='ltr'>restitutum</span> <span class='ocrx_word' id='word_1_78' title='bbox 1261 1098 1455 1140; x_wconf 88' lang='lat' dir='ltr'>venerat,</span> <span class='ocrx_word' id='word_1_79' title='bbox 1483 1092 1559 1132; x_wconf 90' lang='lat' dir='ltr'>mi-</span> 
     </span>
     <span class='ocr_line' id='line_1_12' title="bbox 123 1171 1554 1229; baseline 0.003 -17"><span class='ocrx_word' id='word_1_80' title='bbox 123 1171 236 1213; x_wconf 91' lang='lat' dir='ltr'>nime</span> <span class='ocrx_word' id='word_1_81' title='bbox 256 1183 378 1214; x_wconf 90' lang='lat' dir='ltr'>orsus</span> <span class='ocrx_word' id='word_1_82' title='bbox 398 1180 462 1214; x_wconf 89' lang='lat' dir='ltr'>est</span> <span class='ocrx_word' id='word_1_83' title='bbox 486 1185 506 1214; x_wconf 88' lang='lat' dir='ltr'>a</span> <span class='ocrx_word' id='word_1_84' title='bbox 528 1173 840 1228; x_wconf 86' lang='lat' dir='ltr'>corrumpendo</span> <span class='ocrx_word' id='word_1_85' title='bbox 865 1173 1043 1228; x_wconf 82' lang='lat' dir='ltr'>propriae</span> <span class='ocrx_word' id='word_1_86' title='bbox 1076 1173 1221 1216; x_wconf 86' lang='lat' dir='ltr'>matris</span> <span class='ocrx_word' id='word_1_87' title='bbox 1249 1173 1554 1229; x_wconf 62' lang='lat' dir='ltr'>virginitatenn</span> 
     </span>
     <span class='ocr_line' id='line_1_13' title="bbox 122 1254 1556 1312; baseline 0.003 -17"><span class='ocrx_word' id='word_1_88' title='bbox 122 1254 192 1296; x_wconf 86' lang='lat' dir='ltr'>itte</span> <span class='ocrx_word' id='word_1_89' title='bbox 236 1255 307 1310; x_wconf 89' lang='lat' dir='ltr'>qui</span> <span class='ocrx_word' id='word_1_90' title='bbox 353 1256 532 1298; x_wconf 84' lang='lat' dir='ltr'>mortuis</span> <span class='ocrx_word' id='word_1_91' title='bbox 580 1257 936 1299; x_wconf 80' lang='lat' dir='ltr'>resurrectionem</span> <span class='ocrx_word' id='word_1_92' title='bbox 988 1264 1076 1299; x_wconf 85' lang='lat' dir='ltr'>erat</span> <span class='ocrx_word' id='word_1_93' title='bbox 1122 1256 1347 1312; x_wconf 81' lang='lat' dir='ltr'>largiturus</span> <span class='ocrx_word' id='word_1_94' title='bbox 1391 1264 1436 1299; x_wconf 92' lang='lat' dir='ltr'>ut</span> <span class='ocrx_word' id='word_1_95' title='bbox 1484 1270 1556 1300; x_wconf 91' lang='lat' dir='ltr'>eos</span> 
     </span>
     <span class='ocr_line' id='line_1_14' title="bbox 124 1339 1554 1394; baseline 0.003 -16"><span class='ocrx_word' id='word_1_96' title='bbox 124 1344 367 1388; x_wconf 88' lang='lat' dir='ltr'>renovaret,</span> <span class='ocrx_word' id='word_1_97' title='bbox 410 1350 494 1380; x_wconf 91' lang='lat' dir='ltr'>non</span> <span class='ocrx_word' id='word_1_98' title='bbox 547 1339 683 1394; x_wconf 92' lang='lat' dir='ltr'>potuit</span> <span class='ocrx_word' id='word_1_99' title='bbox 730 1347 912 1382; x_wconf 88' lang='lat' dir='ltr'>veterem</span> <span class='ocrx_word' id='word_1_100' title='bbox 965 1339 1130 1382; x_wconf 85' lang='lat' dir='ltr'>efficere</span> <span class='ocrx_word' id='word_1_101' title='bbox 1180 1347 1356 1382; x_wconf 88' lang='lat' dir='ltr'>matrem</span> <span class='ocrx_word' id='word_1_102' title='bbox 1405 1353 1554 1383; x_wconf 88' lang='lat' dir='ltr'>novam</span> 
     </span>
     <span class='ocr_line' id='line_1_15' title="bbox 124 1420 1510 1476; baseline 0.007 -14"><span class='ocrx_word' id='word_1_103' title='bbox 124 1433 247 1475; x_wconf 89' lang='lat' dir='ltr'>quam</span> <span class='ocrx_word' id='word_1_104' title='bbox 274 1420 355 1463; x_wconf 91' lang='lat' dir='ltr'>sibi</span> <span class='ocrx_word' id='word_1_105' title='bbox 386 1429 615 1476; x_wconf 86' lang='lat' dir='ltr'>paraverat.</span> <span class='ocrx_word' id='word_1_106' title='bbox 1507 1469 1510 1472; x_wconf 88' lang='lat'>.</span> 
     </span>
    </p>

    <p class='ocr_par' dir='ltr' id='par_1_6' title="bbox 125 1501 1556 1712">
     <span class='ocr_line' id='line_1_16' title="bbox 186 1501 1556 1560; baseline 0.003 -17"><span class='ocrx_word' id='word_1_107' title='bbox 186 1501 400 1559; x_wconf 85' lang='lat' dir='ltr'>Virginem</span> <span class='ocrx_word' id='word_1_108' title='bbox 438 1504 617 1546; x_wconf 88' lang='lat' dir='ltr'>servavit</span> <span class='ocrx_word' id='word_1_109' title='bbox 655 1516 766 1551; x_wconf 87' lang='lat' dir='ltr'>eam,</span> <span class='ocrx_word' id='word_1_110' title='bbox 805 1505 910 1547; x_wconf 86' lang='lat' dir='ltr'>sicut</span> <span class='ocrx_word' id='word_1_111' title='bbox 947 1505 1036 1560; x_wconf 89' lang='lat' dir='ltr'>ipse</span> <span class='ocrx_word' id='word_1_112' title='bbox 1065 1512 1255 1547; x_wconf 83' lang='lat' dir='ltr'>servatus</span> <span class='ocrx_word' id='word_1_113' title='bbox 1284 1513 1347 1548; x_wconf 90' lang='lat' dir='ltr'>est</span> <span class='ocrx_word' id='word_1_114' title='bbox 1378 1505 1420 1547; x_wconf 94' lang='lat' dir='ltr'>in</span> <span class='ocrx_word' id='word_1_115' title='bbox 1455 1505 1556 1548; x_wconf 89' lang='lat' dir='ltr'>divi-</span> 
     </span>
     <span class='ocr_line' id='line_1_17' title="bbox 125 1585 1554 1643; baseline 0.003 -16"><span class='ocrx_word' id='word_1_116' title='bbox 125 1585 284 1637; x_wconf 86' lang='lat' dir='ltr'>nitate,</span> <span class='ocrx_word' id='word_1_117' title='bbox 315 1592 356 1628; x_wconf 89' lang='lat' dir='ltr'>et</span> <span class='ocrx_word' id='word_1_118' title='bbox 397 1585 543 1629; x_wconf 84' lang='lat' dir='ltr'>effecta</span> <span class='ocrx_word' id='word_1_119' title='bbox 583 1594 647 1630; x_wconf 90' lang='lat' dir='ltr'>est</span> <span class='ocrx_word' id='word_1_120' title='bbox 674 1595 834 1637; x_wconf 88' lang='lat' dir='ltr'>mater,</span> <span class='ocrx_word' id='word_1_121' title='bbox 874 1588 983 1630; x_wconf 88' lang='lat' dir='ltr'>sicut</span> <span class='ocrx_word' id='word_1_122' title='bbox 1021 1587 1110 1643; x_wconf 92' lang='lat' dir='ltr'>ipse</span> <span class='ocrx_word' id='word_1_123' title='bbox 1150 1587 1191 1629; x_wconf 91' lang='lat' dir='ltr'>in</span> <span class='ocrx_word' id='word_1_124' title='bbox 1233 1588 1448 1631; x_wconf 84' lang='lat' dir='ltr'>nativitate</span> <span class='ocrx_word' id='word_1_125' title='bbox 1480 1600 1554 1631; x_wconf 89' lang='lat' dir='ltr'>sua</span> 
     </span>
     <span class='ocr_line' id='line_1_18' title="bbox 125 1668 524 1712; baseline 0.003 -3"><span class='ocrx_word' id='word_1_126' title='bbox 125 1668 258 1710; x_wconf 88' lang='lat' dir='ltr'>factus</span> <span class='ocrx_word' id='word_1_127' title='bbox 285 1675 349 1711; x_wconf 91' lang='lat' dir='ltr'>est</span> <span class='ocrx_word' id='word_1_128' title='bbox 382 1669 524 1712; x_wconf 92' lang='lat' dir='ltr'>homo.</span> 
     </span>
    </p>

    <p class='ocr_par' dir='ltr' id='par_1_7' title="bbox 125 1749 1555 1890">
     <span class='ocr_line' id='line_1_19' title="bbox 186 1749 1555 1807; baseline 0.003 -15"><span class='ocrx_word' id='word_1_129' title='bbox 186 1749 259 1793; x_wconf 82' lang='lat' dir='ltr'>ltte</span> <span class='ocrx_word' id='word_1_130' title='bbox 285 1750 398 1793; x_wconf 92' lang='lat' dir='ltr'>Deus</span> <span class='ocrx_word' id='word_1_131' title='bbox 429 1758 516 1802; x_wconf 90' lang='lat' dir='ltr'>est,</span> <span class='ocrx_word' id='word_1_132' title='bbox 538 1752 641 1806; x_wconf 25' lang='lat' dir='ltr'>*quia</span> <span class='ocrx_word' id='word_1_133' title='bbox 681 1751 814 1794; x_wconf 85' lang='lat' dir='ltr'>factus</span> <span class='ocrx_word' id='word_1_134' title='bbox 844 1759 907 1793; x_wconf 87' lang='lat' dir='ltr'>est</span> <span class='ocrx_word' id='word_1_135' title='bbox 938 1752 1063 1794; x_wconf 89' lang='lat' dir='ltr'>homo</span> <span class='ocrx_word' id='word_1_136' title='bbox 1104 1752 1261 1807; x_wconf 83' lang='lat' dir='ltr'>absque</span> <span class='ocrx_word' id='word_1_137' title='bbox 1299 1754 1555 1803; x_wconf 87' lang='lat' dir='ltr'>mutatione,</span> 
     </span>
     <span class='ocr_line' id='line_1_20' title="bbox 125 1833 1554 1890; baseline 0.002 -15"><span class='ocrx_word' id='word_1_138' title='bbox 125 1840 167 1875; x_wconf 90' lang='lat' dir='ltr'>et</span> <span class='ocrx_word' id='word_1_139' title='bbox 194 1840 327 1876; x_wconf 85' lang='lat' dir='ltr'>mater</span> <span class='ocrx_word' id='word_1_140' title='bbox 354 1833 444 1889; x_wconf 82' lang='lat' dir='ltr'>ejus</span> <span class='ocrx_word' id='word_1_141' title='bbox 475 1834 590 1890; x_wconf 80' lang='lat' dir='ltr'>virgo</span> <span class='ocrx_word' id='word_1_142' title='bbox 617 1842 703 1882; x_wconf 91' lang='lat' dir='ltr'>est,</span> <span class='ocrx_word' id='word_1_143' title='bbox 733 1834 826 1888; x_wconf 83' lang='lat' dir='ltr'>quia</span> <span class='ocrx_word' id='word_1_144' title='bbox 862 1836 968 1882; x_wconf 74' lang='lat' dir='ltr'>facta</span> <span class='ocrx_word' id='word_1_145' title='bbox 997 1842 1061 1877; x_wconf 89' lang='lat' dir='ltr'>est</span> <span class='ocrx_word' id='word_1_146' title='bbox 1090 1842 1223 1877; x_wconf 87' lang='lat' dir='ltr'>mater</span> <span class='ocrx_word' id='word_1_147' title='bbox 1251 1836 1343 1878; x_wconf 90' lang='lat' dir='ltr'>sine</span> <span class='ocrx_word' id='word_1_148' title='bbox 1371 1835 1554 1879; x_wconf 81' lang='lat' dir='ltr'>laesione.</span> 
     </span>
    </p>

    <p class='ocr_par' dir='ltr' id='par_1_8' title="bbox 126 1915 1558 2054">
     <span class='ocr_line' id='line_1_21' title="bbox 189 1915 1558 1974; baseline 0.003 -16"><span class='ocrx_word' id='word_1_149' title='bbox 189 1915 381 1959; x_wconf 88' lang='lat' dir='ltr'>Christus</span> <span class='ocrx_word' id='word_1_150' title='bbox 416 1917 459 1959; x_wconf 93' lang='lat' dir='ltr'>in</span> <span class='ocrx_word' id='word_1_151' title='bbox 502 1917 719 1960; x_wconf 84' lang='lat' dir='ltr'>nativitate</span> <span class='ocrx_word' id='word_1_152' title='bbox 759 1930 831 1959; x_wconf 87' lang='lat' dir='ltr'>sua</span> <span class='ocrx_word' id='word_1_153' title='bbox 868 1917 979 1960; x_wconf 89' lang='lat' dir='ltr'>Deus</span> <span class='ocrx_word' id='word_1_154' title='bbox 1009 1925 1072 1960; x_wconf 92' lang='lat' dir='ltr'>est</span> <span class='ocrx_word' id='word_1_155' title='bbox 1100 1924 1141 1960; x_wconf 91' lang='lat' dir='ltr'>et</span> <span class='ocrx_word' id='word_1_156' title='bbox 1173 1919 1322 1968; x_wconf 90' lang='lat' dir='ltr'>homo,</span> <span class='ocrx_word' id='word_1_157' title='bbox 1358 1920 1558 1974; x_wconf 84' lang='lat' dir='ltr'>quemad-</span> 
     </span>
     <span class='ocr_line' id='line_1_22' title="bbox 126 1997 1435 2054; baseline 0.003 -16"><span class='ocrx_word' id='word_1_158' title='bbox 126 1997 298 2040; x_wconf 88' lang='lat' dir='ltr'>modum</span> <span class='ocrx_word' id='word_1_159' title='bbox 331 1998 468 2054; x_wconf 84' lang='lat' dir='ltr'>puella</span> <span class='ocrx_word' id='word_1_160' title='bbox 497 1998 584 2040; x_wconf 83' lang='lat' dir='ltr'>haec</span> <span class='ocrx_word' id='word_1_161' title='bbox 612 1998 727 2054; x_wconf 79' lang='lat' dir='ltr'>virgo</span> <span class='ocrx_word' id='word_1_162' title='bbox 756 1999 883 2041; x_wconf 84' lang='lat' dir='ltr'>simui</span> <span class='ocrx_word' id='word_1_163' title='bbox 916 2012 963 2041; x_wconf 83' lang='lat' dir='ltr'>ac</span> <span class='ocrx_word' id='word_1_164' title='bbox 996 2006 1128 2041; x_wconf 85' lang='lat' dir='ltr'>mater</span> <span class='ocrx_word' id='word_1_165' title='bbox 1158 2012 1254 2041; x_wconf 90' lang='lat' dir='ltr'>vere</span> <span class='ocrx_word' id='word_1_166' title='bbox 1281 2000 1435 2042; x_wconf 82' lang='lat' dir='ltr'>existit.</span> 
     </span>
    </p>

    <p class='ocr_par' dir='ltr' id='par_1_9' title="bbox 128 2080 1557 2221">
     <span class='ocr_line' id='line_1_23' title="bbox 186 2080 1557 2138; baseline 0.002 -15"><span class='ocrx_word' id='word_1_167' title='bbox 186 2080 279 2123; x_wconf 91' lang='lat' dir='ltr'>Non</span> <span class='ocrx_word' id='word_1_168' title='bbox 317 2081 422 2124; x_wconf 92' lang='lat' dir='ltr'>duos</span> <span class='ocrx_word' id='word_1_169' title='bbox 461 2081 625 2137; x_wconf 82' lang='lat' dir='ltr'>peperit</span> <span class='ocrx_word' id='word_1_170' title='bbox 668 2081 762 2131; x_wconf 75' lang='lat' dir='ltr'>itta,</span> <span class='ocrx_word' id='word_1_171' title='bbox 807 2095 943 2137; x_wconf 86' lang='lat' dir='ltr'>neque</span> <span class='ocrx_word' id='word_1_172' title='bbox 989 2083 1048 2124; x_wconf 87' lang='lat' dir='ltr'>fas</span> <span class='ocrx_word' id='word_1_173' title='bbox 1087 2090 1150 2124; x_wconf 91' lang='lat' dir='ltr'>est</span> <span class='ocrx_word' id='word_1_174' title='bbox 1188 2082 1321 2138; x_wconf 84' lang='lat' dir='ltr'>ipsam</span> <span class='ocrx_word' id='word_1_175' title='bbox 1366 2083 1407 2125; x_wconf 93' lang='lat' dir='ltr'>in</span> <span class='ocrx_word' id='word_1_176' title='bbox 1453 2084 1557 2126; x_wconf 86' lang='lat' dir='ltr'>duas</span> 
     </span>
     <span class='ocr_line' id='line_1_24' title="bbox 128 2163 1556 2221; baseline 0.001 -14"><span class='ocrx_word' id='word_1_177' title='bbox 128 2163 336 2216; x_wconf 79' lang='lat' dir='ltr'>dividere3</span> <span class='ocrx_word' id='word_1_178' title='bbox 365 2177 446 2207; x_wconf 86' lang='lat' dir='ltr'>una</span> <span class='ocrx_word' id='word_1_179' title='bbox 487 2178 619 2207; x_wconf 91' lang='lat' dir='ltr'>unum</span> <span class='ocrx_word' id='word_1_180' title='bbox 652 2165 815 2221; x_wconf 86' lang='lat' dir='ltr'>peperit</span> <span class='ocrx_word' id='word_1_181' title='bbox 845 2164 1047 2207; x_wconf 89' lang='lat' dir='ltr'>divinitus</span> <span class='ocrx_word' id='word_1_182' title='bbox 1074 2165 1196 2207; x_wconf 85' lang='lat' dir='ltr'>simul</span> <span class='ocrx_word' id='word_1_183' title='bbox 1228 2174 1268 2208; x_wconf 91' lang='lat' dir='ltr'>et</span> <span class='ocrx_word' id='word_1_184' title='bbox 1299 2166 1556 2210; x_wconf 89' lang='lat' dir='ltr'>humanitus.</span> 
     </span>
    </p>
   </div>
   <div class='ocr_carea' id='block_1_4' title="bbox 129 2302 1558 2688">
    <p class='ocr_par' dir='ltr' id='par_1_10' title="bbox 129 2302 1558 2688">
     <span class='ocr_line' id='line_1_25' title="bbox 190 2302 1555 2353; baseline 0.001 -8"><span class='ocrx_word' id='word_1_185' title='bbox 190 2303 304 2345; x_wconf 90' lang='lat' dir='ltr'>Deus</span> <span class='ocrx_word' id='word_1_186' title='bbox 348 2302 589 2345; x_wconf 87' lang='lat' dir='ltr'>nullatenus</span> <span class='ocrx_word' id='word_1_187' title='bbox 630 2302 790 2344; x_wconf 88' lang='lat' dir='ltr'>homini</span> <span class='ocrx_word' id='word_1_188' title='bbox 828 2302 976 2344; x_wconf 88' lang='lat' dir='ltr'>similis</span> <span class='ocrx_word' id='word_1_189' title='bbox 1010 2310 1074 2344; x_wconf 90' lang='lat' dir='ltr'>est</span> <span class='ocrx_word' id='word_1_190' title='bbox 1118 2303 1158 2343; x_wconf 88' lang='lat' dir='ltr'>in</span> <span class='ocrx_word' id='word_1_191' title='bbox 1198 2315 1269 2344; x_wconf 84' lang='lat' dir='ltr'>sua</span> <span class='ocrx_word' id='word_1_192' title='bbox 1314 2303 1555 2353; x_wconf 87' lang='lat' dir='ltr'>nativitate,</span> 
     </span>
     <span class='ocr_line' id='line_1_26' title="bbox 129 2383 1558 2440; baseline 0.001 -14"><span class='ocrx_word' id='word_1_193' title='bbox 129 2396 267 2438; x_wconf 84' lang='lat' dir='ltr'>neque</span> <span class='ocrx_word' id='word_1_194' title='bbox 297 2383 423 2426; x_wconf 86' lang='lat' dir='ltr'>etiam</span> <span class='ocrx_word' id='word_1_195' title='bbox 450 2383 566 2440; x_wconf 80' lang='lat' dir='ltr'>virgo</span> <span class='ocrx_word' id='word_1_196' title='bbox 598 2383 666 2426; x_wconf 85' lang='lat' dir='ltr'>illa</span> <span class='ocrx_word' id='word_1_197' title='bbox 692 2384 841 2425; x_wconf 83' lang='lat' dir='ltr'>similis</span> <span class='ocrx_word' id='word_1_198' title='bbox 872 2383 1076 2425; x_wconf 88' lang='lat' dir='ltr'>matribus</span> <span class='ocrx_word' id='word_1_199' title='bbox 1109 2383 1393 2426; x_wconf 86' lang='lat' dir='ltr'>consideranti</span> <span class='ocrx_word' id='word_1_200' title='bbox 1425 2384 1558 2440; x_wconf 90' lang='lat' dir='ltr'>ipsam</span> 
     </span>
     <span class='ocr_line' id='line_1_27' title="bbox 130 2464 1558 2522; baseline 0.001 -14"><span class='ocrx_word' id='word_1_201' title='bbox 130 2474 325 2521; x_wconf 82' lang='lat' dir='ltr'>apparet;</span> <span class='ocrx_word' id='word_1_202' title='bbox 349 2467 422 2509; x_wconf 87' lang='lat' dir='ltr'>sed</span> <span class='ocrx_word' id='word_1_203' title='bbox 447 2467 543 2522; x_wconf 86' lang='lat' dir='ltr'>quia</span> <span class='ocrx_word' id='word_1_204' title='bbox 568 2466 703 2509; x_wconf 87' lang='lat' dir='ltr'>induit</span> <span class='ocrx_word' id='word_1_205' title='bbox 725 2480 877 2522; x_wconf 89' lang='lat' dir='ltr'>corpus</span> <span class='ocrx_word' id='word_1_206' title='bbox 901 2473 1090 2508; x_wconf 87' lang='lat' dir='ltr'>nostrum</span> <span class='ocrx_word' id='word_1_207' title='bbox 1121 2464 1242 2507; x_wconf 89' lang='lat' dir='ltr'>nobis</span> <span class='ocrx_word' id='word_1_208' title='bbox 1264 2465 1413 2507; x_wconf 89' lang='lat' dir='ltr'>similis</span> <span class='ocrx_word' id='word_1_209' title='bbox 1437 2465 1558 2509; x_wconf 81' lang='lat' dir='ltr'>effec-</span> 
     </span>
     <span class='ocr_line' id='line_1_28' title="bbox 131 2546 1552 2604; baseline 0.001 -15"><span class='ocrx_word' id='word_1_210' title='bbox 131 2556 198 2589; x_wconf 91' lang='lat' dir='ltr'>tus</span> <span class='ocrx_word' id='word_1_211' title='bbox 222 2555 286 2590; x_wconf 89' lang='lat' dir='ltr'>est</span> <span class='ocrx_word' id='word_1_212' title='bbox 313 2555 438 2604; x_wconf 85' lang='lat' dir='ltr'>atque</span> <span class='ocrx_word' id='word_1_213' title='bbox 470 2548 579 2591; x_wconf 88' lang='lat' dir='ltr'>inter</span> <span class='ocrx_word' id='word_1_214' title='bbox 610 2561 686 2591; x_wconf 90' lang='lat' dir='ltr'>nos</span> <span class='ocrx_word' id='word_1_215' title='bbox 720 2556 991 2590; x_wconf 84' lang='lat' dir='ltr'>conversatus</span> <span class='ocrx_word' id='word_1_216' title='bbox 1009 2579 1018 2597; x_wconf 87' lang='lat'>,</span> <span class='ocrx_word' id='word_1_217' title='bbox 1043 2546 1290 2602; x_wconf 72' lang='lat' dir='ltr'>genitricem</span> <span class='ocrx_word' id='word_1_218' title='bbox 1315 2559 1413 2589; x_wconf 87' lang='lat' dir='ltr'>vero</span> <span class='ocrx_word' id='word_1_219' title='bbox 1436 2560 1552 2590; x_wconf 88' lang='lat' dir='ltr'>suam</span> 
     </span>
     <span class='ocr_line' id='line_1_29' title="bbox 129 2630 1508 2688; baseline 0 -15"><span class='ocrx_word' id='word_1_220' title='bbox 129 2631 209 2673; x_wconf 87' lang='lat' dir='ltr'>sibi</span> <span class='ocrx_word' id='word_1_221' title='bbox 239 2639 416 2674; x_wconf 85' lang='lat' dir='ltr'>matrem</span> <span class='ocrx_word' id='word_1_222' title='bbox 446 2631 585 2676; x_wconf 80' lang='lat' dir='ltr'>effecit</span> <span class='ocrx_word' id='word_1_223' title='bbox 618 2633 717 2688; x_wconf 87' lang='lat' dir='ltr'>quin</span> <span class='ocrx_word' id='word_1_224' title='bbox 758 2631 1008 2687; x_wconf 80' lang='lat' dir='ltr'>virginitatis</span> <span class='ocrx_word' id='word_1_225' title='bbox 1040 2630 1245 2686; x_wconf 84' lang='lat' dir='ltr'>jacturam</span> <span class='ocrx_word' id='word_1_226' title='bbox 1284 2639 1508 2687; x_wconf 85' lang='lat' dir='ltr'>pateretur.</span> 
     </span>
    </p>
   </div>
  </div>
 </body>
</html>
