1931 3239
556 163 721 190 CARMEN
747 165 758 189 1
786 165 834 190 DE
862 165 894 190 B.
924 166 958 190 V.
988 166 1028 191 M.
1448 161 1507 195 211

138 256 244 297 Dum
293 254 341 296 ad
394 262 549 297 coetum
592 256 1001 300 adolescentularum
1055 258 1266 313 pertinere
1318 259 1508 309 videtur,

76 349 164 379 cam
196 336 421 378 lactantem
462 350 639 391 puerum
668 337 791 380 sicuti
826 347 980 381 matres
1008 339 1180 395 aspicio.
1216 340 1357 383 Audio
1391 342 1509 384 Jose-

74 418 200 473 phun}
235 416 368 459 virum
416 430 511 460 cum
544 430 590 460 ea
631 418 849 467 habitare,
885 427 926 461 ct
962 419 1085 462 simul
1121 421 1409 464 animadverto
1449 422 1509 477 ip-

73 512 162 541 sam
193 499 450 541 commercio
482 498 588 540 virili
622 511 705 542 non
743 499 870 542 fuisse
907 499 1154 555 subjectam.

131 645 238 687 Dum
276 657 366 687 eam
404 646 532 687 choro
569 645 777 701 virginum
816 658 1043 689 accensere
1080 659 1250 701 quaero,
1286 661 1363 690 vox
1407 648 1506 690 mihi

71 726 298 769 succlamat
323 741 332 768 z
356 727 467 780 quod
495 739 586 769 eam
620 734 764 782 partus
792 727 960 770 dolores
990 727 1155 770 feriant.
1175 754 1233 759 —
1253 730 1295 771 Si
1325 730 1507 772 arbitror

71 823 161 853 eam
188 822 336 852 vocare
378 810 613 852 maritatam
660 818 832 866 propter
868 811 1123 867 Josephum,
1157 811 1242 867 jam
1281 826 1506 868 persuasus

71 905 162 934 sum
195 892 329 948 ipsam
360 905 381 934 a
419 893 588 935 nemine
624 892 787 935 mortali
826 893 953 936 fuisse
984 893 1211 949 cognitam„

131 1038 267 1081 Cerno
300 1051 391 1081 eam
432 1045 668 1094 portantem
710 1038 840 1080 filium
882 1046 926 1080 ut
963 1038 1216 1094 genitrices,
1253 1045 1295 1081 et
1334 1048 1506 1095 apparet

70 1118 172 1161 mihi
211 1127 327 1162 stans
362 1119 403 1162 in
449 1120 578 1177 gradu
617 1120 852 1177 virginum!
890 1121 1015 1178 Virgo
1054 1129 1119 1164 est
1142 1155 1151 1171 ‚
1184 1129 1226 1163 et
1269 1129 1430 1172 mater,
1464 1130 1505 1164 et

68 1215 174 1245 uxor
200 1202 273 1244 viri
316 1203 388 1246 sed
433 1217 518 1247 non
559 1204 757 1260 cognita3
791 1212 832 1247 et
863 1204 1078 1260 quomodo
1128 1204 1233 1247 ultra
1280 1205 1427 1260 loquar
1468 1206 1504 1246 si

70 1283 196 1326 modo
233 1283 368 1327 dicam
400 1297 492 1327 eam
523 1298 615 1328 esse
650 1285 1159 1341 incomprehensibilem?

129 1432 262 1473 Amor
288 1443 354 1473 me
379 1431 429 1472 ad
460 1430 808 1473 formosissimam
837 1430 951 1473 illam
978 1431 1271 1473 celebrandam
1299 1430 1502 1486 impellit;

66 1518 129 1553 ast
178 1520 348 1567 superat
394 1524 461 1554 me
511 1512 711 1567 praeconii
762 1512 1029 1562 sublimitas,
1076 1519 1117 1555 et
1167 1512 1268 1567 quid
1317 1512 1502 1555 faciam?

65 1594 340 1638 Proclamabo
377 1602 522 1650 aperte
560 1594 671 1649 quod
715 1607 850 1650 neque
889 1603 931 1636 tu
970 1607 1107 1650 neque
1145 1607 1222 1651 ego
1256 1595 1293 1637 ei
1322 1595 1500 1637 sufficia·

66 1692 159 1721 mus
179 1712 189 1730 ‚
218 1679 456 1734 iterumque
483 1678 853 1721 excellentissimae
883 1678 1066 1735 Virginis
1101 1678 1268 1722 laudem
1305 1692 1499 1722 amorose

65 1762 240 1805 edicam.
294 1763 426 1805 Amor
484 1763 676 1805 frustrari
737 1763 883 1818 nequit
937 1763 1006 1805 ubi
1061 1763 1276 1818 loquitur,
1322 1763 1498 1819 ejusque

65 1844 266 1899 sapientia
300 1844 491 1886 amabilis
521 1853 586 1887 est
617 1858 665 1887 ac
699 1845 867 1900 prodest
895 1844 1175 1887 auditoribus.

125 2039 230 2082 Cum
278 2039 557 2081 admiratione
598 2052 697 2095 ergo
747 2039 897 2094 loquor
939 2040 991 2082 de
1034 2040 1191 2090 Maria,
1229 2047 1270 2083 et
1316 2048 1498 2083 tremore

64 2121 221 2164 afficior
249 2122 360 2176 quod
397 2121 447 2164 ad
484 2122 698 2178 ingentem
730 2121 972 2177 hujusmodi
1003 2135 1246 2165 mensuram
1281 2122 1496 2178 pertigerit

64 2203 145 2246 filia
183 2203 407 2247 terrestris.

61 2358 139 2413 Ml?
165 2358 269 2414 18³.AE
295 2382 328 2409 et
347 2375 472 2418 prima:
498 2384 654 2417 personae
682 2362 798 2407 ζιᾶειᾶ
819 2376 974 2408 notandis
999 2384 1095 2417 aeque
1122 2375 1274 2407 inservit.

109 2453 158 2476 vv.
185 2444 324 2477 91-100.
354 2445 546 2484 Leguntur‚
574 2452 650 2476 cum
680 2444 882 2477 differentiis
909 2444 1112 2484 quibusdam
1139 2442 1345 2478 levioribus,
1374 2441 1406 2472 in
1428 2440 1493 2482 Off.

61 2514 137 2557 Syr.
157 2525 212 2556 pp.
227 2514 292 2547 264
318 2519 351 2547 et
377 2514 465 2553 2653
490 2514 571 2546 item
595 2523 647 2546 w.
673 2515 807 2548 91-102
831 2516 864 2546 in
885 2513 950 2556 Off.
969 2513 1046 2556 Syr.
1063 2513 1151 2546 Mar.
1179 2524 1211 2555 p.
1238 2515 1361 2553 »4:222
1387 2515 1493 2555 (149).

109 2605 137 2628 v.
162 2596 218 2628 91.
245 2596 326 2629 cod.
361 2598 423 2629 117
452 2607 459 2629 :
488 2592 566 2627 §ina
587 2607 632 2649 ...ε
