1931 3239
762 218 924 246 THESES.
1497 201 1573 245 :333⁰

127 330 271 367 mento
300 322 496 365 innititur
528 322 712 378 dogmati
748 322 1084 372 lncarnationis,
1116 335 1196 377 qua
1230 323 1414 365 Verbum
1440 322 1555 365 Patri

127 393 488 439 consubstantiale
515 406 684 435 carnem
713 392 969 447 assumpsit,
994 401 1040 434 ut
1071 393 1184 435 velut
1212 393 1317 435 alter
1339 393 1526 436 Adamus
1543 426 1552 443 ‚

130 464 282 520 prioris
309 463 461 506 Adami
491 463 708 513 ἀντίτυπος,
733 471 926 506 naturam
954 465 1180 506 humanam
1215 464 1256 505 in
1287 464 1368 507 hoc
1400 464 1558 519 lapsam

130 547 297 578 rursum
330 534 533 589 erigeret,
556 534 834 590 hominesque
861 535 949 577 Deo
978 535 1284 577 reconciliaret.
1313 534 1421 577 «Sic
1449 535 1562 578 enim

133 622 153 645 (ι
192 606 304 648 Deus
325 604 471 648 dilexit
490 605 720 656 mundum,
742 613 785 647 ut
808 605 960 647 Filium
987 619 1111 648 suum
1136 606 1401 661 unigenitum
1430 606 1562 657 daret,

133 692 152 716 c<
192 683 237 719 ut
268 675 407 718 omnis
437 675 508 731 qui
539 675 673 718 credit
710 676 751 718 in
788 676 925 733 ipsum
968 690 1055 720 non
1096 683 1261 732 pereat,
1293 676 1366 720 sed
1409 677 1560 720 habeat

133 764 153 788 α
193 747 321 790 vitam
355 754 556 791 aeternam
584 746 684 804 (1).»

775 875 922 916 XLIX.

193 977 419 1031 perperam
443 974 734 1017 Renaudotius
757 973 804 1030 (⁶2)
836 975 1044 1018 ,Iacobum
1075 975 1358 1032 Sarugensem
1383 977 1567 1020 traduxit

132 1053 178 1088 ut
205 1059 325 1097 eum,
357 1045 428 1101 qui
450 1045 554 1088 duas
583 1052 752 1088 naturas
778 1046 944 1089 Christo
978 1047 1116 1089 inesse
1149 1049 1378 1103 negaverit.
1411 1048 1565 1091 Solidis

131 1117 244 1159 enim
287 1117 604 1159 demonstratur
642 1116 901 1172 argumentis
938 1118 1051 1159 hunc
1092 1117 1295 1174 Syrorum
1346 1119 1563 1162 doctorem

132 1188 366 1231 orthodoxe
397 1188 449 1231 de
477 1188 777 1244 augustissimo
801 1189 1108 1232 lucarnationis
1132 1190 1330 1245 mysterio
1363 1191 1563 1242 sensisse,

132 1266 259 1315 atque
295 1272 390 1302 cum
431 1258 611 1302 concilio
645 1259 978 1302 Chalcedonensi
1015 1260 1251 1315 professum
1283 1262 1335 1304 de
1371 1261 1564 1313 Christo,

195 1330 389 1374 eumdem
430 1331 661 1386 perfectum
693 1330 735 1372 in
760 1330 915 1372 deitate
951 1330 992 1373 et
1026 1330 1222 1373 eumdem
1254 1333 1491 1387 perfectum
1522 1332 1565 1375 in

195 1402 456 1445 humanitate
477 1435 487 1452 ,
520 1403 655 1445 Deum
681 1415 826 1445 verum
859 1410 900 1445 et
929 1402 1145 1445 hominem
1172 1416 1345 1453 verum,
1370 1404 1565 1446 eumdem

194 1486 246 1517 ex
280 1475 418 1516 anima
456 1474 647 1516 rationali
687 1482 729 1517 et
766 1487 971 1530 corpore,
1009 1475 1415 1518 consubstantialem
1454 1477 1568 1519 Patri

194 1546 428 1589 secundum
470 1545 704 1595 deitatem,
758 1546 1164 1589 consubstantialem
1201 1546 1322 1589 nobis
1369 1547 1565 1590 eumdem

195 1616 429 1660 secundum
464 1616 769 1660 humanitatem
808 1630 881 1673 per
912 1617 1052 1660 omnia
1093 1617 1214 1660 nobis
1255 1617 1436 1662 similem
1472 1619 1565 1661 abs-

196 1701 278 1744 que
308 1695 481 1744 peccato
519 1687 582 1743 (3).
619 1704 638 1728 ›>

136 1347 158 1730 anana&

861 1779 876 1799 9

819 1812 866 1852 L.

188 1902 349 1957 Dogma
378 1900 613 1943 divinitatis
656 1900 810 1944 Christi
858 1909 941 1943 tam
982 1901 1216 1956 splendidis
1252 1902 1400 1945 nititur
1447 1915 1568 1960 argu-

129 1973 285 2016 mentis
303 2005 312 2023 ,
332 1979 378 2014 ut
402 1985 487 2014 non
511 1972 650 2014 minus
669 1971 847 2013 inscitiae
874 1984 999 2026 quam
1028 1972 1366 2028 impietatisjure
1387 1986 1566 2030 arguan-

130 2053 199 2087 tur
220 2044 338 2088 scioli
361 2043 638 2093 recentiores,
662 2043 732 2098 qui
765 2043 878 2085 illam
903 2043 1139 2087 octodecim
1167 2044 1417 2087 saeculorum
1439 2045 1566 2088 fidem

136 2116 387 2160 labefactare
418 2122 578 2158 temere
603 2121 882 2158 attentarunt.

818 2249 886 2289 LI.

195 2351 298 2402 Quae
354 2349 481 2395 lsaias
541 2349 642 2402 Cap.
699 2350 802 2399 LII,
854 2349 1052 2399 15-Lm,
1106 2352 1185 2400 12,
1233 2350 1284 2392 de
1331 2364 1444 2393 servo
1499 2352 1568 2394 Dei

139 2415 259 2485 l‘sjffj
295 2422 384 2486 '⁸533’
420 2421 694 2472 vaticinatur,
740 2421 789 2465 ad
836 2422 1047 2465 Christum
1086 2423 1180 2465 novi
1224 2422 1392 2466 foederis
1422 2431 1565 2467 aucto-

183 2564 224 2604 (ι)
250 2562 384 2606 Evanq.
403 2561 437 2595 S.
462 2562 542 2596 Joh.
564 2561 631 2600 ΙΙΙ,
656 2563 711 2595 16.

189 2622 231 2663 (a)
258 2620 416 2664 Lituryy.
441 2621 580 2653 orientc.
606 2628 687 2653 tom.
711 2621 754 2660 il,
784 2629 859 2662 pag.
884 2620 962 2652 567.

187 2679 228 2720 (5)
255 2679 352 2720 Apud
383 2678 497 2711 Labbe
520 2684 553 2712 et
579 2679 730 2717 cossam,
758 2679 815 2718 IV,
844 2678 941 2710 1459.
