1931 3239
349 209 410 242 190
966 218 1093 243 CAPUT
1124 218 1164 243 11.

345 311 499 351 Atlanti
520 311 688 352 eoesolvit
718 309 780 363 (v.
809 310 922 364 276)
942 342 951 358 ‚
979 312 1298 362 ehiroqrapham
1319 310 1369 350 ab
1403 310 1514 350 Heca
1547 315 1678 349 matre
1703 320 1779 349 sua

346 382 616 433 subscriptum
647 383 841 422 laceravit
873 380 942 436 (1),
971 388 1095 434 atque
1131 381 1370 433 parentibus
1412 382 1497 420 suis
1540 378 1779 420 innocentia

346 453 611 504 iqnominiose
647 453 816 493 nudatis
855 454 1003 493 stolam
1044 454 1378 504 morice-texuit,
1416 464 1557 503 eosque
1590 452 1720 492 ereoeit
1753 463 1780 491 a

346 526 464 575 lapsa
499 522 588 578 (vv,
626 523 821 579 46-5o);
860 523 948 578 ipsa
987 523 1115 579 igitur
1151 525 1276 565 libera
1308 525 1495 565 eoestabat
1532 536 1559 564 a
1592 523 1779 563 maledic-

346 597 452 635 tione
484 601 520 636 et
551 597 756 637 doloribus
790 595 909 636 Hevoe
941 596 1003 649 (v.
1024 594 1168 650 576),
1195 596 1308 636 Heva
1330 597 1421 647 ipsa
1452 596 1583 636 altera
1607 595 1780 635 salutem

344 668 540 719 paritura
576 669 682 708 inter
714 669 907 708 mortales
942 665 1003 719 (v.
1038 666 1138 720 45).

407 741 452 780 5⁰
487 737 662 780 Accedit
695 737 807 779 aliud
851 744 892 779 et
927 736 1088 778 firmius
1123 743 1444 792 argumentum,
1470 748 1553 790 quo
1578 735 1777 791 Syrorum

347 809 532 851 doctoris
591 821 710 850 mens
755 807 944 863 apprime
990 807 1252 857 declaratur,
1298 806 1341 848 in
1386 819 1435 848 eo
1478 805 1604 847 situm
1666 805 1778 859 quod

346 879 517 921 Mariam
554 886 712 921 asserat
746 880 795 920 ab
828 881 918 931 ipsa
952 890 1030 920 sita
1083 880 1266 931 infantia
1320 880 1365 918 in
1405 878 1644 919 rectitudine
1695 878 1780 918 sine

347 953 431 993 labe
469 952 693 1003 perstitisse
727 948 790 1004 (v.
821 950 963 1006 147),
1000 949 1199 1003 nulloque
1243 948 1416 990 actualis
1470 948 1628 1003 peccati
1662 959 1778 989 uaevo

348 1022 544 1064 infectam
603 1021 924 1075 omnigenarum
984 1021 1187 1062 virtutum
1239 1026 1490 1061 ornamento
1536 1018 1805 1074 plenissime

349 1093 571 1144 indutam3
614 1092 680 1134 cui
715 1099 966 1148 argumento
1001 1092 1114 1134 valor
1158 1091 1367 1146 praecipue
1408 1091 1570 1133 accedit
1604 1104 1654 1133 ex
1690 1103 1778 1132 mo-

346 1165 459 1215 tivo,
496 1178 624 1220 quare
665 1163 753 1219 ipse
796 1163 987 1219 adjungit
1029 1164 1085 1205 ita
1122 1163 1210 1205 lieri
1257 1163 1453 1205 debuisse
1494 1177 1503 1204 ε
1546 1164 1660 1210 ideo,
1697 1161 1776 1211 ait,

346 1238 491 1278 Marioe
524 1239 656 1278 virtus
689 1238 872 1277 maxime
901 1237 1137 1278 celebranda
1165 1243 1220 1276 est
1253 1236 1360 1288 qaod
1392 1236 1528 1288 effecta
1562 1237 1614 1275 sit
1646 1241 1778 1275 mater

346 1309 417 1349 Dei
445 1308 509 1363 (v.
545 1306 674 1363 188).
705 1308 797 1349 ‚lam
832 1319 945 1357 vero,
989 1307 1023 1348 si
1058 1307 1252 1349 sublimis
1286 1320 1332 1348 ea
1367 1306 1576 1362 dignitas,
1611 1304 1703 1359 quae
1733 1305 1776 1346 iu

346 1379 484 1421 divina
521 1378 788 1421 maternitate
820 1377 1040 1427 consistit,
1071 1377 1133 1419 vel
1164 1377 1416 1420 levissimam
1451 1376 1607 1431 peccati
1639 1376 1777 1418 venia-

346 1450 396 1492 lis
425 1451 628 1493 maculam
662 1463 710 1492 ex
746 1450 890 1492 Jacobi
925 1450 1133 1492 sententia
1170 1450 1337 1504 penitus
1370 1448 1582 1496 excludit,
1618 1447 1776 1502 perspi-

346 1535 471 1564 cuum
507 1535 607 1564 sane
641 1529 704 1563 est
750 1521 789 1563 id
834 1535 855 1563 a
898 1520 1059 1563 fortiori
1102 1533 1195 1563 esse
1241 1520 1534 1562 affirmandum
1569 1519 1621 1561 de
1654 1518 1776 1573 culpa

347 1594 564 1649 originali,
592 1607 673 1649 qua
704 1594 778 1635 Dei
809 1593 968 1635 inimici
1004 1601 1046 1635 et
1073 1600 1230 1635 satanae
1263 1592 1470 1647 mancipia
1510 1591 1775 1633 constituun-

346 1667 639 1709 turhomines·
665 1668 800 1717 Quam
831 1668 877 1708 ob
909 1679 1017 1715 rem,
1052 1674 1098 1708 ut
1132 1666 1172 1706 in
1207 1665 1356 1708 eodem
1382 1664 1568 1707 carmine
1595 1663 1774 1713 dicitur,

345 1740 476 1781 Filius
513 1741 581 1780 Dei
613 1741 918 1780 sanctissimam
952 1740 1089 1787 illam,
1122 1740 1320 1778 illustrem
1348 1751 1396 1778 ac
1428 1738 1610 1790 puritate
1644 1738 1775 1777 niten-

347 1820 453 1861 tem,
487 1824 558 1863 per
604 1811 808 1863 Spiritum
856 1812 1036 1862 amplius
1069 1811 1336 1861 sanctificavit
1359 1840 1368 1858 ,
1411 1821 1579 1860 eamque
1622 1820 1774 1861 puram

345 1885 485 1937 effecit,
518 1884 718 1924 mundam
751 1889 786 1922 et
818 1883 1089 1928 benedictam,
1125 1883 1227 1921 sicut
1262 1887 1352 1922 erat
1391 1882 1482 1933 ipsa
1518 1882 1629 1922 Heva
1662 1887 1773 1922 ante-

345 1968 470 2007 quam
503 1967 593 1995 eam
626 1966 788 2005 serpens
821 1961 920 1994 esset
952 1955 1154 1994 allocutus
1189 1952 1281 2005 (vv.
1318 1952 1559 2007 599-406).

408 2027 504 2068 Mox
552 2025 651 2080 quid
700 2038 774 2081 per
820 2026 926 2067 hanc
966 2037 1115 2066 novam
1151 2024 1554 2073 sanctificationem,
1592 2023 1633 2064 in
1682 2023 1773 2078 ipso

347 2098 653 2139 lucarnationis
681 2104 901 2139 momento
928 2104 1137 2152 peractam
1157 2129 1167 2145 ,
1197 2096 1373 2152 intelligi
1411 2096 1562 2138 debeat
1589 2107 1773 2150 expone-

345 2182 462 2219 mus;
486 2169 652 2211 interim
677 2169 862 2224 generali
882 2169 1176 2211 observatione
1201 2181 1306 2223 opus
1330 2180 1422 2210 esse
1450 2166 1578 2215 duxi,
1605 2179 1698 2222 quae
1721 2166 1770 2207 ad

346 2241 669 2295 explicationem
703 2240 1013 2295 praemissorum
1044 2239 1241 2284 (omnium
1274 2246 1463 2280 textuum
1498 2245 1539 2280 et
1569 2237 1771 2288 aliorum,

346 2324 439 2366 quae
469 2311 708 2367 singulatim
747 2323 981 2366 proponere
1019 2310 1303 2352 necessarium
1334 2309 1442 2351 haud
1477 2309 1629 2358 habui,
1658 2309 1774 2364 juva-

349 2396 442 2425 men
471 2392 511 2425 et
552 2396 742 2425 normam
779 2382 927 2425 afferre
962 2382 1164 2424 videatur.
1206 2381 1401 2430 Scilicet,
1442 2381 1592 2436 dogma
1625 2380 1772 2422 imma-

347 2455 494 2496 culatae
518 2455 808 2510 conceptionis
840 2455 970 2496 heatae
993 2453 1166 2509 virginis
1193 2453 1331 2495 Mariae
1356 2452 1406 2495 ad
1433 2466 1502 2495 eas
1533 2451 1771 2494 christianae

394 2601 433 2638 (i)
462 2600 633 2632 Evolvitur
663 2601 760 2632 istius
790 2600 981 2641 argumenti
1015 2600 1062 2631 vis
1093 2599 1183 2640 apud
1210 2599 1260 2630 111.
1287 2599 1396 2631 Malou
1415 2623 1423 2635 ‚
1450 2608 1503 2640 op.
1530 2598 1587 2630 cit.
1615 2604 1693 2630 tom.
1721 2599 1768 2635 ΙΙ,

350 2668 378 2696 p.
406 2657 483 2689 2⁴26,
