1931 3239
633 194 767 221 JACOBI
794 194 936 222 SARUG.
963 196 1066 222 VITA.
1523 193 1565 226 89

199 287 243 325 5Ο
280 284 381 326 Cum
411 297 568 326 annum
600 293 742 340 ageret
773 286 1019 342 vigesimum
1051 288 1308 338 secundum,
1341 289 1445 332 sama
1476 291 1565 347 ejus

138 356 344 412 permoti,
392 349 651 399 conveniunt
687 358 825 413 ipsum
870 359 1055 414 episcopi
1104 361 1314 415 quinque,
1365 362 1567 406 doctrinae

137 427 249 469 illius
277 427 483 483 originem
515 434 557 469 et
591 428 886 470 orthodoxiam
921 429 1209 484 exploraturi3
1244 444 1383 474 coram
1413 434 1566 488 quibus

136 497 318 541 ,lacobus
352 511 522 540 carmen
562 497 614 540 de
649 511 773 540 curru
813 500 1042 542 Ezechielis
1075 501 1288 552 recitavit,
1324 510 1365 545 et
1399 503 1565 546 interim

135 569 298 612 visione
325 569 566 625 prophetica
600 569 858 619 illustratus,
888 571 1050 613 ruinam
1089 572 1268 614 civitatis
1301 574 1463 615 Amidae
1495 575 1566 617 de-

137 641 332 697 scripsit,
363 649 464 684 tunc
495 640 652 696 oppido
676 641 1010 697 contingentem.
1041 642 1101 684 Ex
1133 655 1182 685 eo
1210 651 1349 686 autem
1378 652 1566 700 tempore

138 712 453 755 lucubrationes
488 725 585 754 suas
616 712 773 768 scripto
804 713 1003 756 mandare
1036 714 1206 769 incepit.

197 787 244 827 4⁰
280 784 440 827 Deinde
481 785 687 840 Georgius
720 785 907 840 magistri
956 785 1020 827 sui
1067 785 1300 827 doctrinam
1347 787 1567 842 magnifice

139 855 324 907 extollit,
357 856 688 912 compositiones
722 856 947 912 perlustrat
979 856 1246 912 celebratque
1275 856 1464 910 virtutes.

200 929 246 969 5⁰
279 927 432 969 Invitat
466 927 636 970 ordines
680 940 828 970 omnes
862 927 1077 976 ecclesiae,
1115 940 1210 970 cum
1245 928 1567 983 triumphantis,

137 1009 226 1044 tum
267 1001 515 1050 militantis,
548 1007 594 1043 ut
636 1000 677 1042 in
718 1001 861 1044 Jacohi
899 1001 1122 1043 festivitate
1158 1002 1373 1043 communi
1417 1001 1568 1056 gaudio

137 1073 343 1116 exultent.

198 1147 244 1188 6⁰
278 1144 411 1186 Deum
445 1143 583 1198 ipsum
620 1142 765 1185 Jacobi
801 1141 1135 1190 intercessione,
1176 1142 1379 1185 Jacobum
1417 1142 1570 1186 deinde

137 1215 295 1258 directa
325 1213 516 1257 oratione
551 1220 765 1267 precatur,
808 1221 851 1254 ut
892 1212 1085 1254 fidelibus
1125 1212 1326 1255 auxilium
1365 1221 1406 1256 et
1442 1213 1570 1256 bene-

137 1285 366 1328 dictionem
400 1284 697 1340 impertiantur
725 1299 734 1325 :
763 1283 834 1325 ubi
868 1284 1088 1339 perspicue
1131 1283 1286 1326 indicat
1322 1284 1569 1340 magistrum

136 1369 259 1399 suum
288 1355 514 1412 episcopali
548 1355 752 1411 dignitate
783 1355 911 1397 fuisse
943 1355 1205 1411 insignitum.

500 1502 515 1541 ξ
539 1504 570 1535 4.
607 1508 749 1536 Auaron
773 1508 971 1535 anonvmus
995 1508 1040 1534 DE
1060 1508 1205 1535 ιῐΑοοΒο.

200 1613 379 1669 Georgio
417 1613 458 1655 in
493 1612 636 1654 multis
676 1619 880 1654 consonat
921 1619 1068 1654 auctor
1094 1606 1341 1668 'anonymus
1383 1610 1456 1666 (1),
1499 1611 1568 1666 qui

138 1684 497 1740 compendiariam
536 1683 630 1725 vitae
666 1697 700 1725 s.
736 1682 879 1726 Jacobi
917 1682 1247 1738 descriptionem
1283 1681 1441 1737 syriace
1478 1680 1571 1723 reli-

139 1758 255 1813 quit;
282 1756 407 1812 hujus
444 1755 836 1811 interpretationem
867 1754 1038 1797 latinam
1058 1786 1067 1804 ,
1100 1754 1291 1796 brevitati
1324 1753 1570 1802 studentes,

140 1827 433 1870 tantummodo
481 1826 701 1869 referimus
733 1841 742 1868 :
775 1842 794 1865 c<
828 1825 1007 1868 Sanctus
1044 1838 1133 1866 mar
1178 1824 1358 1867 Jacobus
1397 1823 1570 1872 doctor,

143 1918 161 1938 «
200 1899 383 1956 Spiritus
411 1898 544 1941 sancti
568 1897 706 1939 fistula
730 1905 771 1940 et
802 1896 938 1939 fidelis
970 1896 1159 1939 ecclesiae
1186 1908 1362 1953 cynara,
1394 1894 1569 1951 patriam

144 1989 161 2010 «
200 1970 346 2013 habuit
380 1970 623 2013 Curtamnm
663 1981 814 2025 pagum
862 1967 912 2010 ad
948 1968 1205 2022 Euphratem
1244 1966 1399 2014 sitnm,
1441 1965 1571 2007 chris-

143 2059 161 2081 «
203 2041 328 2084 tianis
368 2054 414 2083 ac
445 2040 660 2083 sterilibus
695 2039 940 2095 parentibus
977 2047 1126 2086 natus,
1157 2037 1228 2092 qui
1259 2050 1354 2079 eum
1388 2049 1439 2079 ex
1475 2044 1571 2079 voto

144 2132 161 2155 «
202 2120 493 2169 susceperunt.
522 2112 719 2155 Triennis
744 2125 765 2155 a
794 2120 927 2154 matre
948 2111 990 2152 in
1015 2110 1196 2165 quodam
1223 2122 1273 2152 ex
1304 2109 1420 2151 sestis
1440 2108 1572 2150 domi-

144 2205 161 2227 «
201 2187 307 2230 nicis
336 2186 387 2229 ad
417 2186 635 2229 ecclesiam
661 2185 868 2227 adductus
887 2217 896 2232 ,
918 2197 968 2226 eo
994 2183 1196 2239 temporis
1225 2189 1463 2231 momento,
1488 2194 1571 2236 quo

144 2276 162 2299 «
201 2258 357 2302 oblatio
394 2257 634 2314 peragitur,
669 2264 927 2311 sanctusque
957 2254 1139 2310 Spiritus
1168 2253 1441 2296 sacramentis
1483 2252 1571 2294 illa-

190 2405 232 2445 (ι)
259 2405 347 2437 Vixit
374 2405 427 2436 hic
452 2409 584 2440 auctor,
614 2403 794 2435 Assemano
821 2401 955 2440 judice,
974 2409 1041 2440 quo
1064 2405 1216 2439 tempore
1242 2397 1480 2438 Mesopotamia
1504 2398 1572 2436 jam

141 2464 252 2495 fuerat
287 2471 305 2494 a
331 2461 574 2494 Mahometanis
610 2464 783 2500 occupata.
813 2458 882 2490 Csr.
908 2459 942 2490 B.
969 2458 1006 2489 Ο.
1034 2458 1067 2494 l,
1097 2466 1151 2496 pp.
1180 2454 1347 2487 aso-289.
1385 2471 1429 2477 —
1457 2454 1572 2485 Exstat
1627 2477 1631 2480 .

141 2528 277 2561 quoque
296 2518 369 2550 vita
386 2517 502 2551 Jacobi
520 2515 729 2560 Saruqensts
746 2516 777 2547 in
806 2515 879 2547 cod.
899 2515 1014 2546 musaei
1032 2512 1211 2545 britannici
1234 2511 1283 2544 12.
1304 2512 1366 2543 174
1394 2510 1470 2543 add.
1493 2520 1570 2542 mss.

141 2577 200 2610 fol.
224 2577 292 2609 286
317 2585 410 2616 seqq.
438 2576 519 2608 Vide
547 2573 705 2617 Cataloyi
732 2572 917 2614 specimen,
945 2571 1036 2612 qnod
1063 2580 1102 2603 ex
1129 2569 1302 2604 Curetonii
1339 2568 1568 2609 manuscripto

143 2635 281 2668 exhibet
309 2634 399 2667 Laud
425 2635 458 2665 in
487 2631 666 2665 Anecdocis
693 2633 860 2676 syriacis,
891 2641 921 2671 p.
947 2630 1002 2662 26.

1347 2697 1380 2724 1²2
