<?xml version="1.0" encoding="UTF-8"?>
<!DOCTYPE html PUBLIC "-//W3C//DTD XHTML 1.0 Transitional//EN"
    "http://www.w3.org/TR/xhtml1/DTD/xhtml1-transitional.dtd">
<html xmlns="http://www.w3.org/1999/xhtml" xml:lang="en" lang="en">
 <head>
  <title>
</title>
<meta http-equiv="Content-Type" content="text/html;charset=utf-8" />
  <meta name='ocr-system' content='tesseract 3.04.00' />
  <meta name='ocr-capabilities' content='ocr_page ocr_carea ocr_par ocr_line ocrx_word'/>
</head>
<body>
  <div class='ocr_page' id='page_1' title='image "./devitaetscriptis00abbeuoft_0362.png"; bbox 0 0 1931 3239; ppageno 0'>
   <div class='ocr_carea' id='block_1_1' title="bbox 312 209 1110 243">
    <p class='ocr_par' dir='ltr' id='par_1_1' title="bbox 312 209 1110 243">
     <span class='ocr_line' id='line_1_1' title="bbox 312 209 1110 243; baseline -0.003 0"><span class='ocrx_word' id='word_1_1' title='bbox 312 209 375 243; x_wconf 71' lang='lat'>332</span> <span class='ocrx_word' id='word_1_2' title='bbox 947 216 1110 242; x_wconf 80' lang='lat' dir='ltr'>THESES.</span> 
     </span>
    </p>
   </div>
   <div class='ocr_carea' id='block_1_2' title="bbox 970 325 1095 365">
    <p class='ocr_par' dir='ltr' id='par_1_2' title="bbox 970 325 1095 365">
     <span class='ocr_line' id='line_1_2' title="bbox 970 325 1095 365; baseline 0 0"><span class='ocrx_word' id='word_1_3' title='bbox 970 325 1095 365; x_wconf 85' lang='lat' dir='ltr'>XLV.</span> 
     </span>
    </p>
   </div>
   <div class='ocr_carea' id='block_1_3' title="bbox 307 424 1740 768">
    <p class='ocr_par' dir='ltr' id='par_1_3' title="bbox 307 424 1740 768">
     <span class='ocr_line' id='line_1_3' title="bbox 370 424 1737 482; baseline 0 -12"><span class='ocrx_word' id='word_1_4' title='bbox 370 428 515 482; x_wconf 81' lang='lat' dir='ltr'><strong>Neque</strong></span> <span class='ocrx_word' id='word_1_5' title='bbox 543 425 614 469; x_wconf 85' lang='lat' dir='ltr'>tali</span> <span class='ocrx_word' id='word_1_6' title='bbox 646 424 869 481; x_wconf 82' lang='lat' dir='ltr'>ipsiusmet</span> <span class='ocrx_word' id='word_1_7' title='bbox 902 424 1105 467; x_wconf 73' lang='lat' dir='ltr'>doctrince</span> <span class='ocrx_word' id='word_1_8' title='bbox 1135 425 1427 469; x_wconf 68' lang='lat' dir='ltr'>contradicere</span> <span class='ocrx_word' id='word_1_9' title='bbox 1461 426 1638 469; x_wconf 88' lang='lat' dir='ltr'>dicenda</span> <span class='ocrx_word' id='word_1_10' title='bbox 1672 434 1737 470; x_wconf 86' lang='lat' dir='ltr'>est</span> 
     </span>
     <span class='ocr_line' id='line_1_4' title="bbox 309 496 1736 554; baseline -0.001 -12"><span class='ocrx_word' id='word_1_11' title='bbox 309 498 520 542; x_wconf 83' lang='lat' dir='ltr'>sententia</span> <span class='ocrx_word' id='word_1_12' title='bbox 572 510 653 553; x_wconf 82' lang='lat' dir='ltr'>qua</span> <span class='ocrx_word' id='word_1_13' title='bbox 705 496 748 540; x_wconf 92' lang='lat' dir='ltr'>S.</span> <span class='ocrx_word' id='word_1_14' title='bbox 793 497 975 540; x_wconf 88' lang='lat' dir='ltr'>Jacobus</span> <span class='ocrx_word' id='word_1_15' title='bbox 1014 496 1264 553; x_wconf 89' lang='lat' dir='ltr'>Sarugensis</span> <span class='ocrx_word' id='word_1_16' title='bbox 1317 497 1468 540; x_wconf 87' lang='lat' dir='ltr'>asserit</span> <span class='ocrx_word' id='word_1_17' title='bbox 1522 498 1736 554; x_wconf 80' lang='lat' dir='ltr'>Virginem</span> 
     </span>
     <span class='ocr_line' id='line_1_5' title="bbox 308 568 1739 624; baseline -0.001 -11"><span class='ocrx_word' id='word_1_18' title='bbox 308 569 644 618; x_wconf 85' lang='lat' dir='ltr'>immaculatam,</span> <span class='ocrx_word' id='word_1_19' title='bbox 683 581 766 624; x_wconf 88' lang='lat' dir='ltr'>quo</span> <span class='ocrx_word' id='word_1_20' title='bbox 804 576 996 624; x_wconf 84' lang='lat' dir='ltr'>tempore</span> <span class='ocrx_word' id='word_1_21' title='bbox 1026 568 1210 611; x_wconf 83' lang='lat' dir='ltr'>Verbum</span> <span class='ocrx_word' id='word_1_22' title='bbox 1251 568 1439 610; x_wconf 87' lang='lat' dir='ltr'>divinum</span> <span class='ocrx_word' id='word_1_23' title='bbox 1476 568 1518 610; x_wconf 91' lang='lat' dir='ltr'>in</span> <span class='ocrx_word' id='word_1_24' title='bbox 1562 569 1739 612; x_wconf 86' lang='lat' dir='ltr'>sanctis-</span> 
     </span>
     <span class='ocr_line' id='line_1_6' title="bbox 308 640 1740 696; baseline -0.001 -11"><span class='ocrx_word' id='word_1_25' title='bbox 308 642 417 686; x_wconf 91' lang='lat' dir='ltr'>simo</span> <span class='ocrx_word' id='word_1_26' title='bbox 476 649 598 684; x_wconf 87' lang='lat' dir='ltr'>utero</span> <span class='ocrx_word' id='word_1_27' title='bbox 653 653 730 683; x_wconf 90' lang='lat' dir='ltr'>suo</span> <span class='ocrx_word' id='word_1_28' title='bbox 779 640 1000 696; x_wconf 87' lang='lat' dir='ltr'>concepit,</span> <span class='ocrx_word' id='word_1_29' title='bbox 1045 642 1345 693; x_wconf 71' lang='lat' dir='ltr'>sanctificatam</span> <span class='ocrx_word' id='word_1_30' title='bbox 1384 641 1510 692; x_wconf 70' lang='lat' dir='ltr'>faisse</span> <span class='ocrx_word' id='word_1_31' title='bbox 1545 647 1580 682; x_wconf 85' lang='lat' dir='ltr'>et</span> <span class='ocrx_word' id='word_1_32' title='bbox 1615 642 1660 682; x_wconf 81' lang='lat' dir='ltr'>in</span> <span class='ocrx_word' id='word_1_33' title='bbox 1696 654 1740 683; x_wconf 85' lang='lat' dir='ltr'>eo</span> 
     </span>
     <span class='ocr_line' id='line_1_7' title="bbox 307 710 1603 768; baseline -0.002 -12"><span class='ocrx_word' id='word_1_34' title='bbox 307 720 420 757; x_wconf 80' lang='lat' dir='ltr'>statu</span> <span class='ocrx_word' id='word_1_35' title='bbox 447 715 714 756; x_wconf 79' lang='lat' dir='ltr'>constitutam</span> <span class='ocrx_word' id='word_1_36' title='bbox 746 714 790 754; x_wconf 77' lang='lat' dir='ltr'>in</span> <span class='ocrx_word' id='word_1_37' title='bbox 820 726 900 766; x_wconf 79' lang='lat' dir='ltr'>quo</span> <span class='ocrx_word' id='word_1_38' title='bbox 929 719 1019 754; x_wconf 82' lang='lat' dir='ltr'>erat</span> <span class='ocrx_word' id='word_1_39' title='bbox 1049 713 1162 754; x_wconf 82' lang='lat' dir='ltr'>Heva</span> <span class='ocrx_word' id='word_1_40' title='bbox 1184 718 1280 754; x_wconf 76' lang='lat' dir='ltr'>ante</span> <span class='ocrx_word' id='word_1_41' title='bbox 1304 719 1515 764; x_wconf 79' lang='lat' dir='ltr'>peccatum</span> <span class='ocrx_word' id='word_1_42' title='bbox 1542 710 1603 768; x_wconf 78' lang='lat' dir='ltr'>(i).</span> 
     </span>
    </p>
   </div>
   <div class='ocr_carea' id='block_1_4' title="bbox 952 847 1094 889">
    <p class='ocr_par' dir='ltr' id='par_1_4' title="bbox 952 847 1094 889">
     <span class='ocr_line' id='line_1_8' title="bbox 952 847 1094 889; baseline 0.007 -2"><span class='ocrx_word' id='word_1_43' title='bbox 952 847 1094 889; x_wconf 86' lang='lat' dir='ltr'>XLVI.</span> 
     </span>
    </p>
   </div>
   <div class='ocr_carea' id='block_1_5' title="bbox 304 957 1742 1589">
    <p class='ocr_par' dir='ltr' id='par_1_5' title="bbox 304 957 1742 1589">
     <span class='ocr_line' id='line_1_9' title="bbox 364 957 1738 1012; baseline 0.001 -11"><span class='ocrx_word' id='word_1_44' title='bbox 364 957 657 1002; x_wconf 89' lang='lat' dir='ltr'>Beatissimam</span> <span class='ocrx_word' id='word_1_45' title='bbox 685 957 858 1001; x_wconf 87' lang='lat' dir='ltr'>Mariam</span> <span class='ocrx_word' id='word_1_46' title='bbox 886 971 1041 1012; x_wconf 83' lang='lat' dir='ltr'>semper</span> <span class='ocrx_word' id='word_1_47' title='bbox 1070 961 1268 1012; x_wconf 58' lang='lat' dir='ltr'>virginem</span> <span class='ocrx_word' id='word_1_48' title='bbox 1299 959 1512 1002; x_wconf 80' lang='lat' dir='ltr'>exstitisse</span> <span class='ocrx_word' id='word_1_49' title='bbox 1547 958 1738 1002; x_wconf 88' lang='lat' dir='ltr'>doctrina</span> 
     </span>
     <span class='ocr_line' id='line_1_10' title="bbox 306 1029 1740 1086; baseline 0.001 -15"><span class='ocrx_word' id='word_1_50' title='bbox 306 1035 372 1071; x_wconf 90' lang='lat' dir='ltr'>est</span> <span class='ocrx_word' id='word_1_51' title='bbox 423 1029 539 1072; x_wconf 88' lang='lat' dir='ltr'>omni</span> <span class='ocrx_word' id='word_1_52' title='bbox 580 1029 891 1072; x_wconf 81' lang='lat' dir='ltr'>Christianismi</span> <span class='ocrx_word' id='word_1_53' title='bbox 944 1036 1067 1072; x_wconf 80' lang='lat' dir='ltr'>aetate</span> <span class='ocrx_word' id='word_1_54' title='bbox 1120 1029 1414 1080; x_wconf 79' lang='lat' dir='ltr'>testatissima,</span> <span class='ocrx_word' id='word_1_55' title='bbox 1460 1029 1527 1072; x_wconf 90' lang='lat' dir='ltr'>cui</span> <span class='ocrx_word' id='word_1_56' title='bbox 1570 1030 1740 1086; x_wconf 84' lang='lat' dir='ltr'>copiose</span> 
     </span>
     <span class='ocr_line' id='line_1_11' title="bbox 307 1100 1742 1157; baseline 0.001 -15"><span class='ocrx_word' id='word_1_57' title='bbox 307 1100 434 1143; x_wconf 88' lang='lat' dir='ltr'>etiam</span> <span class='ocrx_word' id='word_1_58' title='bbox 469 1101 789 1156; x_wconf 78' lang='lat' dir='ltr'>patrocinantur</span> <span class='ocrx_word' id='word_1_59' title='bbox 830 1100 989 1157; x_wconf 73' lang='lat' dir='ltr'>syriaca</span> <span class='ocrx_word' id='word_1_60' title='bbox 1037 1108 1339 1152; x_wconf 88' lang='lat' dir='ltr'>monumenta,</span> <span class='ocrx_word' id='word_1_61' title='bbox 1381 1101 1586 1157; x_wconf 87' lang='lat' dir='ltr'>cujusque</span> <span class='ocrx_word' id='word_1_62' title='bbox 1630 1102 1742 1145; x_wconf 87' lang='lat' dir='ltr'>inter</span> 
     </span>
     <span class='ocr_line' id='line_1_12' title="bbox 304 1170 1739 1228; baseline 0.002 -15"><span class='ocrx_word' id='word_1_63' title='bbox 304 1170 383 1214; x_wconf 89' lang='lat' dir='ltr'>alia</span> <span class='ocrx_word' id='word_1_64' title='bbox 426 1179 723 1228; x_wconf 80' lang='lat' dir='ltr'>argumentum</span> <span class='ocrx_word' id='word_1_65' title='bbox 772 1172 1019 1227; x_wconf 85' lang='lat' dir='ltr'>praeclarum</span> <span class='ocrx_word' id='word_1_66' title='bbox 1067 1172 1275 1228; x_wconf 85' lang='lat' dir='ltr'>reperitur</span> <span class='ocrx_word' id='word_1_67' title='bbox 1326 1173 1436 1215; x_wconf 91' lang='lat' dir='ltr'>inter</span> <span class='ocrx_word' id='word_1_68' title='bbox 1487 1173 1739 1228; x_wconf 79' lang='lat' dir='ltr'>glossemata</span> 
     </span>
     <span class='ocr_line' id='line_1_13' title="bbox 304 1245 1736 1303; baseline 0.001 -17"><span class='ocrx_word' id='word_1_69' title='bbox 304 1257 398 1300; x_wconf 83' lang='lat' dir='ltr'>quae</span> <span class='ocrx_word' id='word_1_70' title='bbox 437 1245 480 1288; x_wconf 88' lang='lat' dir='ltr'>in</span> <span class='ocrx_word' id='word_1_71' title='bbox 513 1245 808 1301; x_wconf 85' lang='lat' dir='ltr'>antiquissima</span> <span class='ocrx_word' id='word_1_72' title='bbox 847 1245 1095 1288; x_wconf 85' lang='lat' dir='ltr'>recensione</span> <span class='ocrx_word' id='word_1_73' title='bbox 1136 1246 1295 1302; x_wconf 83' lang='lat' dir='ltr'>syriaca</span> <span class='ocrx_word' id='word_1_74' title='bbox 1337 1246 1461 1301; x_wconf 90' lang='lat' dir='ltr'>primi</span> <span class='ocrx_word' id='word_1_75' title='bbox 1504 1247 1736 1303; x_wconf 88' lang='lat' dir='ltr'>evangelii,</span> 
     </span>
     <span class='ocr_line' id='line_1_14' title="bbox 306 1316 1738 1374; baseline 0.002 -16"><span class='ocrx_word' id='word_1_76' title='bbox 306 1316 406 1369; x_wconf 82' lang='lat' dir='ltr'>Cap.</span> <span class='ocrx_word' id='word_1_77' title='bbox 442 1318 481 1365; x_wconf 91' lang='lat' dir='ltr'>I,</span> <span class='ocrx_word' id='word_1_78' title='bbox 518 1319 596 1367; x_wconf 80' lang='lat'>16,</span> <span class='ocrx_word' id='word_1_79' title='bbox 625 1318 708 1367; x_wconf 83' lang='lat'>18,</span> <span class='ocrx_word' id='word_1_80' title='bbox 746 1318 804 1359; x_wconf 76' lang='lat'>25</span> <span class='ocrx_word' id='word_1_81' title='bbox 844 1317 1123 1359; x_wconf 87' lang='lat' dir='ltr'>observantur</span> <span class='ocrx_word' id='word_1_82' title='bbox 1151 1316 1212 1373; x_wconf 75' lang='lat'>(2).</span> <span class='ocrx_word' id='word_1_83' title='bbox 1250 1318 1382 1359; x_wconf 86' lang='lat' dir='ltr'>Porro</span> <span class='ocrx_word' id='word_1_84' title='bbox 1417 1317 1528 1360; x_wconf 89' lang='lat' dir='ltr'>idem</span> <span class='ocrx_word' id='word_1_85' title='bbox 1558 1330 1610 1360; x_wconf 83' lang='lat' dir='ltr'>ex</span> <span class='ocrx_word' id='word_1_86' title='bbox 1642 1331 1738 1374; x_wconf 89' lang='lat' dir='ltr'>pro-</span> 
     </span>
     <span class='ocr_line' id='line_1_15' title="bbox 304 1388 1738 1445; baseline 0.003 -15"><span class='ocrx_word' id='word_1_87' title='bbox 304 1388 414 1431; x_wconf 87' lang='lat' dir='ltr'>fesso</span> <span class='ocrx_word' id='word_1_88' title='bbox 457 1388 602 1431; x_wconf 89' lang='lat' dir='ltr'>docuit</span> <span class='ocrx_word' id='word_1_89' title='bbox 644 1388 687 1431; x_wconf 87' lang='lat' dir='ltr'>S.</span> <span class='ocrx_word' id='word_1_90' title='bbox 734 1388 917 1431; x_wconf 86' lang='lat' dir='ltr'>Jacobus</span> <span class='ocrx_word' id='word_1_91' title='bbox 964 1388 1241 1445; x_wconf 86' lang='lat' dir='ltr'>Sarugensis‚</span> <span class='ocrx_word' id='word_1_92' title='bbox 1293 1389 1483 1444; x_wconf 85' lang='lat' dir='ltr'>quamvis</span> <span class='ocrx_word' id='word_1_93' title='bbox 1531 1389 1738 1434; x_wconf 83' lang='lat' dir='ltr'>affirmare</span> 
     </span>
     <span class='ocr_line' id='line_1_16' title="bbox 304 1460 1734 1519; baseline 0.003 -17"><span class='ocrx_word' id='word_1_94' title='bbox 304 1460 518 1512; x_wconf 85' lang='lat' dir='ltr'>videatur,</span> <span class='ocrx_word' id='word_1_95' title='bbox 547 1461 589 1503; x_wconf 89' lang='lat' dir='ltr'>id</span> <span class='ocrx_word' id='word_1_96' title='bbox 625 1461 737 1517; x_wconf 90' lang='lat' dir='ltr'>quod</span> <span class='ocrx_word' id='word_1_97' title='bbox 774 1461 855 1504; x_wconf 87' lang='lat' dir='ltr'>dici</span> <span class='ocrx_word' id='word_1_98' title='bbox 887 1461 1057 1518; x_wconf 86' lang='lat' dir='ltr'>nequit,</span> <span class='ocrx_word' id='word_1_99' title='bbox 1087 1461 1374 1505; x_wconf 86' lang='lat' dir='ltr'>beatissimam</span> <span class='ocrx_word' id='word_1_100' title='bbox 1394 1461 1611 1519; x_wconf 82' lang='lat' dir='ltr'>Virginem</span> <span class='ocrx_word' id='word_1_101' title='bbox 1648 1476 1734 1507; x_wconf 89' lang='lat' dir='ltr'>non</span> 
     </span>
     <span class='ocr_line' id='line_1_17' title="bbox 306 1531 989 1589; baseline 0.001 -15"><span class='ocrx_word' id='word_1_102' title='bbox 306 1531 398 1575; x_wconf 85' lang='lat' dir='ltr'>sine</span> <span class='ocrx_word' id='word_1_103' title='bbox 425 1531 643 1576; x_wconf 87' lang='lat' dir='ltr'>doloribus</span> <span class='ocrx_word' id='word_1_104' title='bbox 674 1533 889 1589; x_wconf 86' lang='lat' dir='ltr'>peperisse</span> <span class='ocrx_word' id='word_1_105' title='bbox 926 1533 989 1589; x_wconf 79' lang='lat'>(5).</span> 
     </span>
    </p>
   </div>
   <div class='ocr_carea' id='block_1_6' title="bbox 941 1667 1105 1707">
    <p class='ocr_par' dir='ltr' id='par_1_6' title="bbox 941 1667 1105 1707">
     <span class='ocr_line' id='line_1_18' title="bbox 941 1667 1105 1707; baseline 0 0"><span class='ocrx_word' id='word_1_106' title='bbox 941 1667 1105 1707; x_wconf 85' lang='lat' dir='ltr'>XLVII.</span> 
     </span>
    </p>
   </div>
   <div class='ocr_carea' id='block_1_7' title="bbox 304 1755 1738 2028">
    <p class='ocr_par' dir='ltr' id='par_1_7' title="bbox 304 1755 1738 2028">
     <span class='ocr_line' id='line_1_19' title="bbox 366 1755 1738 1816; baseline 0 -14"><span class='ocrx_word' id='word_1_107' title='bbox 366 1759 612 1803; x_wconf 84' lang='lat' dir='ltr'>Beatissima</span> <span class='ocrx_word' id='word_1_108' title='bbox 650 1759 804 1804; x_wconf 90' lang='lat' dir='ltr'>Christi</span> <span class='ocrx_word' id='word_1_109' title='bbox 849 1766 981 1804; x_wconf 89' lang='lat' dir='ltr'>mater</span> <span class='ocrx_word' id='word_1_110' title='bbox 1021 1768 1085 1803; x_wconf 90' lang='lat' dir='ltr'>est</span> <span class='ocrx_word' id='word_1_111' title='bbox 1128 1761 1297 1816; x_wconf 85' lang='lat' dir='ltr'>proprie</span> <span class='ocrx_word' id='word_1_112' title='bbox 1338 1755 1549 1812; x_wconf 66' lang='grc' dir='ltr'>Θεοτᾶκος,</span> <span class='ocrx_word' id='word_1_113' title='bbox 1601 1771 1738 1815; x_wconf 90' lang='lat' dir='ltr'>neque</span> 
     </span>
     <span class='ocr_line' id='line_1_20' title="bbox 304 1827 1735 1888; baseline 0.002 -18"><span class='ocrx_word' id='word_1_114' title='bbox 304 1828 442 1872; x_wconf 89' lang='lat' dir='ltr'>solum</span> <span class='ocrx_word' id='word_1_115' title='bbox 471 1827 681 1887; x_wconf 70' lang='grc' dir='ltr'><em>Θεομήτωρ</em></span> <span class='ocrx_word' id='word_1_116' title='bbox 710 1831 781 1872; x_wconf 78' lang='lat' dir='ltr'>Dei</span> <span class='ocrx_word' id='word_1_117' title='bbox 806 1839 957 1880; x_wconf 81' lang='lat' dir='ltr'>macer,</span> <span class='ocrx_word' id='word_1_118' title='bbox 982 1831 1055 1873; x_wconf 87' lang='lat' dir='ltr'>sed</span> <span class='ocrx_word' id='word_1_119' title='bbox 1082 1838 1124 1873; x_wconf 85' lang='lat' dir='ltr'>et</span> <span class='ocrx_word' id='word_1_120' title='bbox 1146 1828 1411 1888; x_wconf 73' lang='grc' dir='ltr'><em>Θεσγευνήτωρ</em></span> <span class='ocrx_word' id='word_1_121' title='bbox 1435 1833 1504 1873; x_wconf 82' lang='lat' dir='ltr'>Dei</span> <span class='ocrx_word' id='word_1_122' title='bbox 1531 1833 1735 1884; x_wconf 74' lang='lat' dir='ltr'>qenitrioe,</span> 
     </span>
     <span class='ocr_line' id='line_1_21' title="bbox 304 1900 1734 1957; baseline 0.002 -16"><span class='ocrx_word' id='word_1_123' title='bbox 304 1900 459 1956; x_wconf 87' lang='lat' dir='ltr'>quippe</span> <span class='ocrx_word' id='word_1_124' title='bbox 490 1914 582 1955; x_wconf 78' lang='lat' dir='ltr'>quae</span> <span class='ocrx_word' id='word_1_125' title='bbox 602 1901 771 1944; x_wconf 83' lang='lat' dir='ltr'>realiter</span> <span class='ocrx_word' id='word_1_126' title='bbox 799 1902 995 1957; x_wconf 89' lang='lat' dir='ltr'>concepit</span> <span class='ocrx_word' id='word_1_127' title='bbox 1024 1914 1073 1944; x_wconf 91' lang='lat' dir='ltr'>ac</span> <span class='ocrx_word' id='word_1_128' title='bbox 1102 1901 1264 1957; x_wconf 84' lang='lat' dir='ltr'>peperit</span> <span class='ocrx_word' id='word_1_129' title='bbox 1288 1909 1482 1944; x_wconf 85' lang='lat' dir='ltr'>naturam</span> <span class='ocrx_word' id='word_1_130' title='bbox 1507 1902 1734 1944; x_wconf 87' lang='lat' dir='ltr'>humanam</span> 
     </span>
     <span class='ocr_line' id='line_1_22' title="bbox 304 1969 1734 2028; baseline 0.002 -16"><span class='ocrx_word' id='word_1_131' title='bbox 304 1969 442 2022; x_wconf 86' lang='lat' dir='ltr'>illius,</span> <span class='ocrx_word' id='word_1_132' title='bbox 483 1988 503 2012; x_wconf 80' lang='lat' dir='ltr'>c&lt;</span> <span class='ocrx_word' id='word_1_133' title='bbox 529 1972 601 2028; x_wconf 89' lang='lat' dir='ltr'>qui</span> <span class='ocrx_word' id='word_1_134' title='bbox 642 1972 739 2015; x_wconf 89' lang='lat' dir='ltr'>licet</span> <span class='ocrx_word' id='word_1_135' title='bbox 785 1973 898 2016; x_wconf 90' lang='lat' dir='ltr'>Deus</span> <span class='ocrx_word' id='word_1_136' title='bbox 936 1973 990 2015; x_wconf 88' lang='lat' dir='ltr'>sit</span> <span class='ocrx_word' id='word_1_137' title='bbox 1036 1980 1078 2016; x_wconf 86' lang='lat' dir='ltr'>et</span> <span class='ocrx_word' id='word_1_138' title='bbox 1113 1973 1268 2025; x_wconf 81' lang='lat' dir='ltr'>homo,</span> <span class='ocrx_word' id='word_1_139' title='bbox 1308 1986 1394 2016; x_wconf 89' lang='lat' dir='ltr'>non</span> <span class='ocrx_word' id='word_1_140' title='bbox 1442 1974 1527 2016; x_wconf 85' lang='lat' dir='ltr'>duo</span> <span class='ocrx_word' id='word_1_141' title='bbox 1568 1981 1734 2025; x_wconf 86' lang='lat' dir='ltr'>tamen,</span> 
     </span>
    </p>
   </div>
   <div class='ocr_carea' id='block_1_8' title="bbox 306 2044 1032 2104">
    <p class='ocr_par' dir='ltr' id='par_1_8' title="bbox 306 2044 1032 2104">
     <span class='ocr_line' id='line_1_23' title="bbox 306 2044 1032 2104; baseline 0.003 -20"><span class='ocrx_word' id='word_1_142' title='bbox 306 2060 327 2084; x_wconf 91' lang='lat'>«</span> <span class='ocrx_word' id='word_1_143' title='bbox 364 2044 438 2088; x_wconf 88' lang='lat' dir='ltr'>sed</span> <span class='ocrx_word' id='word_1_144' title='bbox 470 2058 579 2089; x_wconf 87' lang='lat' dir='ltr'>unus</span> <span class='ocrx_word' id='word_1_145' title='bbox 615 2053 679 2090; x_wconf 91' lang='lat' dir='ltr'>est</span> <span class='ocrx_word' id='word_1_146' title='bbox 707 2046 899 2090; x_wconf 88' lang='lat' dir='ltr'>Christus</span> <span class='ocrx_word' id='word_1_147' title='bbox 929 2046 991 2104; x_wconf 81' lang='lat'>(4).</span> <span class='ocrx_word' id='word_1_148' title='bbox 1013 2063 1032 2086; x_wconf 83' lang='grc'><em>»</em></span> 
     </span>
    </p>
   </div>
   <div class='ocr_carea' id='block_1_9' title="bbox 932 2195 1116 2236">
    <p class='ocr_par' dir='ltr' id='par_1_9' title="bbox 932 2195 1116 2236">
     <span class='ocr_line' id='line_1_24' title="bbox 932 2195 1116 2236; baseline 0.005 -1"><span class='ocrx_word' id='word_1_149' title='bbox 932 2195 1116 2236; x_wconf 88' lang='lat' dir='ltr'>XLVIII.</span> 
     </span>
    </p>
   </div>
   <div class='ocr_carea' id='block_1_10' title="bbox 361 2294 1731 2351">
    <p class='ocr_par' dir='ltr' id='par_1_10' title="bbox 361 2294 1731 2351">
     <span class='ocr_line' id='line_1_25' title="bbox 361 2294 1731 2351; baseline 0.003 -15"><span class='ocrx_word' id='word_1_150' title='bbox 361 2294 466 2337; x_wconf 85' lang='lat' dir='ltr'>Tota</span> <span class='ocrx_word' id='word_1_151' title='bbox 499 2294 715 2351; x_wconf 86' lang='lat' dir='ltr'>religionis</span> <span class='ocrx_word' id='word_1_152' title='bbox 756 2294 995 2338; x_wconf 74' lang='lat' dir='ltr'>christianae</span> <span class='ocrx_word' id='word_1_153' title='bbox 1026 2296 1262 2340; x_wconf 88' lang='lat' dir='ltr'>oeconomia</span> <span class='ocrx_word' id='word_1_154' title='bbox 1307 2297 1434 2340; x_wconf 90' lang='lat' dir='ltr'>veluti</span> <span class='ocrx_word' id='word_1_155' title='bbox 1474 2310 1550 2341; x_wconf 86' lang='lat' dir='ltr'>suo</span> <span class='ocrx_word' id='word_1_156' title='bbox 1585 2297 1731 2340; x_wconf 84' lang='lat' dir='ltr'>funda-</span> 
     </span>
    </p>
   </div>
   <div class='ocr_carea' id='block_1_11' title="bbox 299 2429 1730 2701">
    <p class='ocr_par' dir='ltr' id='par_1_11' title="bbox 347 2429 872 2471">
     <span class='ocr_line' id='line_1_26' title="bbox 347 2429 872 2471; baseline -0.002 -8"><span class='ocrx_word' id='word_1_157' title='bbox 347 2429 388 2471; x_wconf 80' lang='lat'>(1)</span> <span class='ocrx_word' id='word_1_158' title='bbox 414 2430 483 2462; x_wconf 85' lang='lat' dir='ltr'>Cfr.</span> <span class='ocrx_word' id='word_1_159' title='bbox 515 2429 660 2462; x_wconf 76' lang='lat' dir='ltr'>Dissert.</span> <span class='ocrx_word' id='word_1_160' title='bbox 690 2439 765 2471; x_wconf 80' lang='lat' dir='ltr'>pag.</span> <span class='ocrx_word' id='word_1_161' title='bbox 794 2430 872 2463; x_wconf 67' lang='lat'>240.</span> 
     </span>
    </p>

    <p class='ocr_par' dir='ltr' id='par_1_12' title="bbox 299 2486 1730 2587">
     <span class='ocr_line' id='line_1_27' title="bbox 347 2486 1730 2533; baseline 0.003 -14"><span class='ocrx_word' id='word_1_162' title='bbox 347 2488 388 2528; x_wconf 68' lang='lat' dir='ltr'>(a)</span> <span class='ocrx_word' id='word_1_163' title='bbox 416 2488 483 2520; x_wconf 79' lang='lat' dir='ltr'>Cfr.</span> <span class='ocrx_word' id='word_1_164' title='bbox 510 2487 672 2520; x_wconf 81' lang='lat' dir='ltr'>Rcmains</span> <span class='ocrx_word' id='word_1_165' title='bbox 697 2486 741 2530; x_wconf 82' lang='lat' dir='ltr'>of</span> <span class='ocrx_word' id='word_1_166' title='bbox 756 2498 777 2519; x_wconf 81' lang='lat' dir='ltr'>a</span> <span class='ocrx_word' id='word_1_167' title='bbox 800 2497 879 2530; x_wconf 76' lang='lat' dir='ltr'>very</span> <span class='ocrx_word' id='word_1_168' title='bbox 905 2489 1041 2521; x_wconf 71' lang='lat' dir='ltr'>anticnt</span> <span class='ocrx_word' id='word_1_169' title='bbox 1077 2489 1251 2522; x_wconf 78' lang='lat' dir='ltr'>recension</span> <span class='ocrx_word' id='word_1_170' title='bbox 1275 2488 1317 2532; x_wconf 85' lang='lat' dir='ltr'>of</span> <span class='ocrx_word' id='word_1_171' title='bbox 1337 2490 1392 2523; x_wconf 65' lang='lat' dir='ltr'>tlte</span> <span class='ocrx_word' id='word_1_172' title='bbox 1417 2489 1498 2533; x_wconf 76' lang='lat' dir='ltr'>four</span> <span class='ocrx_word' id='word_1_173' title='bbox 1531 2488 1670 2533; x_wconf 80' lang='lat' dir='ltr'>Gospels</span> <span class='ocrx_word' id='word_1_174' title='bbox 1692 2490 1730 2523; x_wconf 80' lang='lat' dir='ltr'>in</span> 
     </span>
     <span class='ocr_line' id='line_1_28' title="bbox 299 2543 1039 2587; baseline 0.004 -12"><span class='ocrx_word' id='word_1_175' title='bbox 299 2543 440 2587; x_wconf 70' lang='lat' dir='ltr'>Syriae,</span> <span class='ocrx_word' id='word_1_176' title='bbox 464 2544 578 2577; x_wconf 90' lang='lat' dir='ltr'>edited</span> <span class='ocrx_word' id='word_1_177' title='bbox 601 2545 643 2586; x_wconf 82' lang='lat' dir='ltr'>by</span> <span class='ocrx_word' id='word_1_178' title='bbox 671 2544 721 2576; x_wconf 92' lang='lat' dir='ltr'>W.</span> <span class='ocrx_word' id='word_1_179' title='bbox 747 2546 909 2584; x_wconf 68' lang='lat' dir='ltr'>cumton,</span> <span class='ocrx_word' id='word_1_180' title='bbox 939 2546 1039 2579; x_wconf 80' lang='lat'>1858.</span> 
     </span>
    </p>

    <p class='ocr_par' dir='ltr' id='par_1_13' title="bbox 347 2601 984 2644">
     <span class='ocr_line' id='line_1_29' title="bbox 347 2601 984 2644; baseline 0.003 -11"><span class='ocrx_word' id='word_1_181' title='bbox 347 2601 389 2642; x_wconf 74' lang='lat'>(5)</span> <span class='ocrx_word' id='word_1_182' title='bbox 415 2602 497 2634; x_wconf 85' lang='lat' dir='ltr'>Vide</span> <span class='ocrx_word' id='word_1_183' title='bbox 520 2601 665 2634; x_wconf 74' lang='lat' dir='ltr'>Dissert.</span> <span class='ocrx_word' id='word_1_184' title='bbox 693 2611 768 2644; x_wconf 83' lang='lat' dir='ltr'>pag.</span> <span class='ocrx_word' id='word_1_185' title='bbox 798 2603 861 2635; x_wconf 87' lang='lat'>196</span> <span class='ocrx_word' id='word_1_186' title='bbox 889 2612 984 2644; x_wconf 83' lang='lat' dir='ltr'>seqq.</span> 
     </span>
    </p>

    <p class='ocr_par' dir='ltr' id='par_1_14' title="bbox 346 2657 853 2701">
     <span class='ocr_line' id='line_1_30' title="bbox 346 2657 853 2701; baseline 0.004 -12"><span class='ocrx_word' id='word_1_187' title='bbox 346 2657 387 2699; x_wconf 54' lang='lat' dir='ltr'>(a)</span> <span class='ocrx_word' id='word_1_188' title='bbox 414 2658 612 2700; x_wconf 77' lang='lat' dir='ltr'>Symbolum</span> <span class='ocrx_word' id='word_1_189' title='bbox 638 2657 853 2701; x_wconf 73' lang='lat' dir='ltr'>Quicunque.</span> 
     </span>
    </p>
   </div>
   <div class='ocr_carea' id='block_1_12' title="bbox 1884 0 1916 3111">
    <p class='ocr_par' dir='ltr' id='par_1_15' title="bbox 1884 0 1916 3111">
     <span class='ocr_line' id='line_1_31' title="bbox 1884 0 1916 3111; baseline 0 0"><span class='ocrx_word' id='word_1_190' title='bbox 1884 0 1916 3111; x_wconf 95' lang='lat' dir='ltr'> </span> 
     </span>
    </p>
   </div>
  </div>
 </body>
</html>
