1931 3239
294 191 354 224 120
911 199 1038 224 ‹uA-APUT
1064 199 1103 223 11.

827 343 1084 380 ARTICULUS
1113 344 1177 379 111.

429 470 471 495 DE
497 469 669 495 DOCTRINA
697 470 725 495 S·
752 468 886 502 JACOBt,
916 469 1064 499 EJUSQUE
1092 469 1231 495 OPERUM
1260 470 1324 495 USU
1353 469 1561 495 nomtt‘rtco.

351 573 587 628 Scriptores
617 571 924 615 ecclesiasticos
952 585 1001 614 eo
1032 572 1177 627 maj0ri
1214 573 1254 615 in
1290 586 1333 616 re
1361 574 1595 630 dogmatica
1630 574 1717 630 pol-

292 645 377 688 lere
399 644 663 694 auctoritate,
689 657 772 700 quo
798 644 968 700 propius
990 644 1196 686 accedunt
1220 644 1271 686 ad
1295 652 1482 700 tempora
1509 646 1717 700 apostolo-

293 731 384 760 rum
418 725 458 761 et
486 717 723 760 cliristianae
752 716 966 773 religionis
998 716 1139 765 initia,
1169 717 1327 772 optime
1365 725 1520 760 norunt
1547 730 1719 768 omnes;

292 789 454 845 priores
497 789 610 831 enim
654 796 775 830 aetate
816 795 944 830 testes
982 788 1144 830 caeteris
1188 788 1437 843 praeferendi
1476 787 1571 843 jure
1609 789 1718 830 aesti-

293 869 486 911 mantur,
521 859 632 915 quod
671 859 878 915 primaevae
914 859 1152 901 traditionis
1186 873 1264 902 vox
1300 860 1539 902 distinctius
1573 872 1718 903 eorum

292 933 463 976 auribus
508 944 734 987 personare
777 930 983 973 debuerit.
1020 932 1118 973 Post
1167 931 1260 973 illos
1297 939 1468 981 antem,
1512 932 1582 987 qui
1631 944 1719 975 aevo

292 1004 523 1060 apostolico
549 1002 772 1045 viciniores
801 1010 946 1052 erant,
973 1011 1072 1044 sunt
1100 1011 1140 1045 et
1172 1002 1239 1044 alii
1273 1003 1558 1059 maximopere
1586 1010 1720 1046 atten-

294 1078 421 1121 dendi
458 1077 526 1132 qui
564 1076 840 1130 sequentihus
878 1076 1067 1124 saeculis,
1103 1089 1186 1131 qno
1224 1084 1412 1132 tempore
1449 1076 1490 1118 in
1533 1076 1722 1119 conciliis

295 1148 571 1191 orientalibus
611 1147 805 1203 dogmata
840 1147 1042 1189 catholica
1082 1147 1296 1190 delinitins
1335 1155 1647 1203 exponerentur
1682 1154 1724 1190 et

294 1219 469 1269 clarius,
510 1218 749 1261 eruditione
789 1218 1050 1269 floruerunt,
1089 1232 1353 1274 quorumque
1391 1219 1544 1274 scripta
1595 1218 1722 1261 veluti

295 1290 533 1334 traditionis
583 1297 623 1332 et
673 1290 875 1332 doctrinae
926 1290 1061 1332 fontes
1109 1291 1414 1333 recentioribus
1453 1290 1722 1345 suppeditan-

298 1372 365 1406 tur
409 1377 456 1406 ac
502 1371 692 1419 prostant
723 1378 733 1403 ε
770 1376 852 1418 quo
885 1363 1054 1417 quidem
1093 1362 1214 1404 titulo
1255 1363 1437 1405 jacobus
1470 1362 1721 1418 Sarugensis

296 1434 435 1476 locum
472 1434 583 1476 inter
614 1440 807 1475 auctores
841 1433 1049 1489 insignem
1080 1441 1283 1481 meretur,
1320 1434 1474 1488 quippe
1503 1433 1573 1488 qui
1608 1433 1724 1476 volu-

298 1506 409 1548 mina
441 1518 557 1548 sacra
593 1504 830 1546 eruditione
858 1504 964 1546 haud
1004 1504 1204 1546 mediocri
1238 1505 1385 1546 referta
1417 1504 1655 1559 reliquerit,
1683 1511 1725 1546 et

298 1577 422 1621 fuerit
450 1577 717 1619 Theodoreto
742 1608 751 1626 ‚
790 1575 970 1632 Cyrillo,
1015 1575 1170 1626 Leoni,
1208 1575 1383 1630 aliisque
1419 1588 1597 1629 quorum
1630 1575 1724 1618 libri

297 1663 460 1693 summa
489 1662 583 1691 cuni
614 1647 884 1690 veneratione
911 1654 1144 1697 versantur,
1171 1654 1293 1689 aetate
1326 1649 1410 1689 fere
1438 1660 1607 1702 suppar.
1632 1647 1725 1689 Non

298 1721 493 1765 convenit
541 1732 641 1762 sane
685 1719 889 1774 opusculo
933 1719 1055 1761 molis
1099 1726 1179 1760 tam
1227 1719 1414 1775 exiguae,
1450 1719 1590 1760 omnia
1632 1731 1725 1774 qnae

298 1794 407 1850 apud
448 1794 585 1849 ipsum
630 1791 820 1834 revelatae
861 1791 1065 1833 doctrinae
1111 1790 1372 1832 illustrandae
1411 1790 1527 1832 utilia
1574 1791 1727 1833 adsunt

299 1877 533 1908 memorare
563 1871 605 1906 et
637 1864 872 1913 discutere3
905 1870 1104 1918 praeterea
1137 1862 1186 1903 ad
1223 1862 1262 1904 id
1293 1861 1518 1918 diligenter
1550 1870 1591 1904 et
1621 1863 1728 1904 fruc-

300 1946 420 1981 tuose
446 1937 728 1993 praestandum
748 1969 756 1986 ‚
783 1935 1035 1991 perlegenda
1064 1935 1242 1977 fuissent
1266 1935 1407 1977 omnia
1430 1934 1574 1978 Jacobi
1598 1947 1725 1990 opera

299 2023 392 2065 quae
421 2015 647 2064 supersunt
678 2008 720 2049 in
742 2006 984 2055 codicibus,
1015 2013 1163 2062 atque,
1194 2013 1238 2047 ut
1267 2005 1305 2047 id
1338 2006 1490 2056 fatear,
1521 2005 1570 2047 ad
1601 2005 1726 2048 talem

299 2081 482 2123 laborem
511 2078 836 2134 persolvendum
855 2076 989 2121 otium
1018 2091 1094 2133 ego
1115 2090 1199 2119 non
1230 2077 1367 2119 habui.
1391 2077 1479 2120 Abs
1512 2090 1555 2119 re
1585 2084 1725 2119 tamen

299 2152 474 2195 minime
510 2151 634 2193 fuerit
669 2150 872 2192 nonnulla
909 2150 975 2192 hic
1011 2149 1101 2204 ejus
1137 2149 1339 2191 doctrinae
1379 2148 1513 2203 capita
1545 2148 1727 2191 breviter

300 2223 530 2272 intlicasse;
565 2222 648 2264 duo
685 2233 808 2270 vero,
848 2233 941 2276 qua}
980 2220 1124 2262 fusiori
1160 2219 1316 2275 analysi
1352 2219 1627 2274 expendenda
1668 2219 1726 2260 vi-

301 2295 484 2343 dentur,
528 2293 726 2335 nimirum
769 2282 859 2347 ejus
901 2291 1112 2334 sententia
1155 2290 1207 2333 de
1250 2290 1544 2333 lucarnatione
1588 2297 1629 2332 et
1675 2291 1727 2333 de

301 2367 426 2409 Beata
461 2365 585 2408 illaria
617 2364 804 2420 Virgine,
833 2363 1043 2406 distinctis
1074 2361 1260 2404 articulis
1293 2361 1510 2404 tractanda
1544 2374 1726 2405 reservo.

595 2528 609 2566 ξ
636 2531 664 2561 1.
692 2535 721 2561 S.
747 2533 867 2560 JACOBI
890 2533 1069 2560 DOCTRINA
1094 2533 1138 2559 DE
1164 2533 1213 2559 SS.
1240 2532 1446 2559 TRINITATE.

364 2640 424 2683 De
448 2639 520 2683 SS.
546 2640 772 2682 ΤηιΝιΤΑΤΕ
798 2639 920 2681 fidem
943 2637 1189 2681 catholicam
1213 2637 1410 2693 exprimit
1436 2636 1550 2680 hisce
1576 2637 1728 2686 verbis,
