1931 3239
533 161 698 187 CARMEN
724 161 736 186 1
765 161 814 186 DE
841 161 874 187 B.
903 161 939 186 V.
968 160 1009 186 M.
1424 154 1488 185 2425

112 254 394 310 Adoptionem
439 254 642 304 (iliorum,
680 267 772 310 quae
812 255 916 310 patri
965 262 1110 298 nostro
1153 255 1316 297 Adamo
1352 257 1486 298 fuerat

53 348 250 379 concessa
271 368 280 385 ‚
310 335 450 377 Mariae
482 349 554 391 per
588 336 794 392 Spiritum
825 344 1016 378 sanctum
1053 336 1222 385 tribuit,
1252 349 1347 379 curn
1374 344 1485 379 esset

52 419 93 460 in
128 431 173 461 ea
206 418 483 460 habitaturus.

111 498 476 551 Quemadmodum
522 505 726 554 genuerat
756 506 872 554 pater
903 506 1047 541 noster
1089 507 1264 540 matrem
1299 507 1483 541 nostram

51 582 142 625 sine
175 580 401 638 conjugio,
449 581 503 624 ita
543 580 691 637 genuit
723 592 893 636 quoque
928 581 994 623 illa
1022 580 1167 623 effecta
1203 581 1312 623 sicut
1349 581 1484 624 Adam

51 672 147 707 ante
181 672 427 720 peecatum3
458 664 546 720 ipsa
586 664 711 706 etiam
743 671 790 706 ut
818 664 950 706 filium
995 672 1182 720 pareret,
1209 664 1368 720 accepit
1394 664 1486 719 Spi-

52 747 175 788 ritum
215 754 407 789 sanctum
437 746 507 802 qui
540 746 769 802 spiraverat
803 746 843 788 in
878 746 1023 789 faciem
1054 746 1228 797 Adami,
1258 754 1301 788 ut
1329 746 1484 789 Hevam

49 836 284 884 generaret.

112 910 297 954 Puritate
336 923 419 958 ea,
461 922 552 965 quae
598 911 762 953 Adamo
805 910 1104 965 competebat,
1146 909 1272 952 Maria
1315 921 1484 964 quoque

50 995 179 1051 potita
217 1002 280 1037 est
322 1007 395 1049 per
431 993 636 1049 Spiritum
675 993 1071 1049 supervenientem,
1110 1001 1236 1048 atque
1267 992 1354 1047 ipsa
1390 991 1483 1034 sine

50 1083 166 1119 motu
199 1075 554 1131 concupiscentiae
585 1075 761 1131 peperit.

110 1157 245 1200 Adam
277 1157 368 1200 sine
401 1169 529 1212 opere
559 1156 768 1213 conjugali
803 1163 980 1198 matrem
1011 1155 1104 1196 vitae
1131 1153 1300 1210 gennit,
1340 1153 1486 1208 sicque

51 1240 330 1296 praefiguravit
364 1240 502 1295 ipsum
534 1240 628 1281 vitae
658 1239 817 1282 fontem
857 1238 1085 1280 Dominum
1125 1244 1341 1285 nostrum3
1376 1235 1486 1278 scili-

50 1332 116 1367 cet
155 1324 266 1366 Deus
305 1324 513 1379 praescivit
552 1331 592 1366 et
635 1322 901 1379 praesignavit
944 1334 1042 1371 eos,
1077 1320 1235 1362 Hevam
1272 1332 1412 1372 nempe
1445 1326 1487 1361 et

50 1405 286 1451 Adamum,
325 1404 367 1446 in
421 1412 542 1461 typos
590 1403 682 1446 Filii
720 1403 785 1446 sui
824 1402 1044 1458 unigeniti.
1088 1401 1244 1444 Hevam
1282 1400 1485 1456 virginem

51 1494 196 1530 sancte
238 1486 384 1543 genuit
425 1486 589 1535 Adam,
639 1498 817 1541 eamque
858 1483 1081 1540 appellavit
1126 1482 1298 1525 nomine
1340 1481 1485 1523 matris

49 1569 166 1620 vitae‚
204 1568 260 1611 ita
301 1568 436 1625 typice
472 1568 715 1625 significans
758 1580 809 1610 ex
845 1566 971 1609 h'laria
1008 1578 1081 1622 per
1110 1572 1272 1620 partum
1307 1564 1484 1606 alterum

50 1654 210 1696 mundo
244 1652 371 1695 vitam
406 1665 499 1694 esse
527 1651 756 1701 orituram,
788 1650 985 1705 illamque
1009 1649 1135 1692 etiam
1170 1648 1209 1689 in
1249 1646 1486 1702 virginitate

51 1750 123 1780 sua
156 1736 306 1779 Filium
341 1736 415 1778 Dei
446 1734 688 1790 parituram.

113 1873 340 1930 Prophetia
368 1865 519 1916 Adami
544 1872 678 1928 typice
706 1870 932 1913 notabatur
953 1869 1161 1911 Dominus
1189 1874 1361 1917 nostem
1397 1866 1487 1921 ipse

52 1958 163 2001 enim
200 1964 264 2000 est
303 1956 384 1998 vita
416 1964 456 1997 et
488 1962 621 1997 mater
655 1953 744 2009 ejus
776 1960 839 1995 est
872 1952 987 2008 virgo
1014 1951 1156 1993 Maria.
1189 1950 1312 1992 Hevae
1354 1948 1486 2002 impo-

52 2042 136 2085 suit
169 2053 322 2083 nomen
353 2038 498 2080 matris
526 2045 776 2080 cunctorum
807 2035 1035 2077 viventium
1055 2066 1064 2083 ‚
1085 2041 1212 2088 atque
1244 2030 1486 2087 prophetice

53 2121 302 2179 significavit
331 2123 514 2163 Mariam
545 2119 666 2162 nobis
696 2119 921 2174 parituram
960 2128 1052 2158 esse
1079 2115 1230 2162 vitam,
1258 2112 1484 2155 Dominum

54 2214 247 2249 nostrum
280 2203 351 2259 qui
381 2210 444 2245 est
471 2202 608 2245 Jesus.

117 2286 292 2343 Pertigit
318 2285 441 2327 Maria
469 2285 518 2327 ad
548 2284 661 2326 hunc
688 2290 852 2338 partum
884 2278 1153 2335 purissimum
1181 2275 1276 2331 quia
1304 2274 1484 2330 Spiritus

54 2384 145 2414 eam
185 2369 540 2417 sanctificaverat,
587 2374 632 2408 ut
672 2366 713 2407 in
756 2365 888 2420 ipsam
929 2362 1060 2405 Fiiius
1100 2361 1174 2402 Dei
1215 2358 1483 2407 iiiaberetui·;

56 2465 208 2508 corpus
234 2451 323 2507 ejus
350 2448 624 2493 sanctificavit
656 2460 832 2502 eamque
862 2457 984 2502 prava
1019 2439 1359 2498 concupiscentia
1390 2438 1485 2480 fecit

56 2539 295 2589 expertem,
330 2532 436 2574 sient
469 2539 555 2573 erat
582 2530 693 2572 Heva
734 2529 847 2583 virgo
879 2534 1102 2579 antequam
1134 2518 1484 2576 concupiscentiae

58 2617 163 2658 foret
197 2614 392 2658 obnoxia.
