1931 3239
298 185 357 219 138
912 192 1040 219 CAPUT
1065 194 1105 219 11.

354 284 448 335 Quo
493 283 585 326 loco
621 282 939 333 Renauslotius,
980 283 1040 325 vir
1078 284 1324 340 ceteroquin
1364 284 1637 328 doctissimus
1679 294 1720 330 et

296 356 542 412 plerumque
573 363 818 405 accuratus,
844 355 954 398 veris
985 355 1237 411 quibusdam
1271 357 1577 401 assertionibus
1599 358 1721 401 salsas

293 428 497 472 admiscet
537 426 754 482 perplures
793 434 834 470 et
871 427 1021 483 injuria
1061 441 1232 484 prorsus
1272 436 1484 472 auctorem
1530 438 1721 473 nostrum

293 499 465 542 haeresis
492 498 642 555 arguit.

356 573 399 614 ln
431 571 574 626 primis
598 570 772 613 omnino
793 583 814 613 a
847 571 1020 613 veritate
1043 571 1224 614 alienum
1254 580 1319 615 est
1339 572 1584 614 orthodoxis
1603 573 1724 615 Jaco-

293 642 392 685 bum
419 642 577 697 uspiam
594 641 830 697 jacobiticae
853 641 948 684 fidei
974 642 1187 684 addictum
1208 651 1278 684 aut
1306 642 1447 685 Severi
1471 642 1724 698 discipulum

292 714 452 757 haberi.
488 713 758 756 Orthodoxos
793 726 898 767 quos
929 713 1125 769 intelligit
1160 726 1244 756 non
1276 714 1465 756 nominat
1501 715 1726 767 Renautlo-

295 788 400 836 tius;
420 785 492 827 sed
513 785 727 827 Melchitas
747 797 852 839 quos
871 798 976 828 verae
1002 786 1095 828 fidei
1114 794 1280 829 tenaces
1304 787 1481 830 affirmat
1497 788 1541 843 (ιι)
1567 788 1618 830 ab
1634 787 1725 843 ipso

294 856 518 913 significari
553 856 768 911 probabile
790 864 878 907 est3
908 857 1095 912 profecto
1123 871 1175 900 ex
1197 871 1342 901 eorum
1375 859 1623 902 auctoritate
1655 867 1726 902 aut

296 927 538 970 testimonio
555 927 656 969 nihil
675 927 838 982 proficit
862 936 1007 970 contra
1023 929 1166 971 Jacobi
1185 929 1309 971 fidem
1333 929 1617 981 insimulati03
1640 931 1726 972 imo

293 1011 392 1040 vero
423 1005 586 1040 tantum
615 998 732 1040 abest
764 998 965 1041 ‚Iacobum
996 999 1047 1041 ab
1081 999 1130 1041 iis
1174 1000 1508 1057 monophysitam
1537 1001 1727 1049 censeri,

293 1077 338 1112 ut
377 1077 521 1111 contra
554 1076 822 1124 nuncupetur
853 1070 1140 1121 orthodoxus,
1180 1071 1307 1126 ithue
1340 1071 1582 1114 testimonio
1616 1072 1724 1114 haud

297 1148 495 1195 suspecto
521 1140 729 1182 Timothei
762 1140 994 1196 presbyteri
1022 1141 1470 1197 constantinopolitani
1510 1142 1729 1193 catholici,

297 1210 415 1266 cujus
451 1218 651 1253 tractatus
687 1213 733 1252 de
762 1214 983 1264 receptione
1017 1215 1327 1260 hoerecicorum‚
1362 1213 1514 1255 saeculo
1547 1214 1728 1269 septimo

298 1288 494 1323 exaratus
545 1288 586 1323 et
634 1281 677 1322 in
726 1281 946 1323 ritualibus
989 1295 1136 1324 eorum
1189 1282 1303 1325 libris
1354 1283 1537 1325 insertus
1559 1316 1568 1333 ‚
1616 1284 1724 1339 apusl

295 1353 410 1408 ipsos
441 1352 725 1394 ecclesiastica
755 1352 909 1408 gaudet
941 1354 1191 1396 auctoritate
1221 1353 1283 1409 (2).

361 1424 491 1465 Porro
523 1435 606 1477 quo
636 1423 880 1466 testimonio
911 1424 1034 1466 nixus
1061 1424 1352 1467 Renaudotius
1379 1425 1549 1474 Severi,
1594 1427 1729 1469 antio-

299 1496 444 1538 chenae
489 1495 602 1537 sedis
663 1495 894 1545 invasoris,
949 1496 1203 1551 discipulum
1253 1497 1455 1540 ‚Iacobum
1499 1498 1728 1540 constituat

301 1567 424 1622 plane
455 1579 521 1608 me
556 1566 676 1621 fugit.
704 1566 897 1609 Vidimus
933 1568 1102 1623 quidem
1137 1582 1263 1624 supra
1297 1569 1546 1626 Gregorium
1582 1570 1732 1612 Barbe-

298 1638 475 1685 braeum‚
502 1637 759 1679 conciliandi
793 1646 918 1681 sectae
949 1651 1036 1681 suae
1067 1639 1267 1695 Syrorum
1294 1640 1480 1683 doctoris
1507 1640 1732 1683 auctorita-

298 1717 383 1752 tem
406 1709 547 1752 studio
572 1710 809 1765 abreptum,
832 1710 956 1766 hujus
974 1711 1208 1754 doctrinam
1231 1726 1252 1755 a
1274 1712 1428 1755 Severo
1445 1713 1573 1755 fuisse
1592 1713 1730 1755 lauda-

301 1789 383 1823 tam
408 1781 590 1837 gratuito
631 1782 829 1832 finxisse3
870 1796 920 1825 eo
960 1792 1099 1826 tamen
1133 1797 1265 1839 usque
1296 1797 1378 1827 non
1413 1785 1616 1840 processit
1647 1797 1730 1840 quo

301 1853 403 1895 abiit
438 1852 692 1896 Renaudotii
741 1854 945 1903 assertio,
973 1867 1066 1909 quae
1106 1863 1150 1896 ut
1183 1855 1396 1898 refellatur
1428 1856 1579 1898 sufficit
1613 1856 1733 1898 chro-

346 2006 388 2043 (1)
415 2005 481 2036 Cfr.
508 2004 651 2048 lituryy.
677 2006 814 2038 oriente.
843 2011 922 2038 tom.
953 2007 1001 2045 ll,
1030 2018 1061 2048 p.
1088 2009 1127 2045 1;
1160 2008 1241 2039 item
1270 2007 1421 2039 historia
1443 2007 1730 2049 patriarcharum

300 2062 622 2095 Ateoeanclrinorum
638 2088 646 2101 ,
670 2074 700 2105 p.
731 2065 807 2096 119.

349 2121 390 2159 (a)
419 2121 547 2152 VidesIS
573 2121 660 2152 hunc
685 2122 810 2152 librum
837 2122 926 2162 apud
953 2122 1087 2161 Migne,
1116 2120 1247 2152 Patrai.
1273 2130 1373 2163 yroec.
1403 2127 1482 2153 tom.
1510 2122 1577 2153 86.
1606 2131 1636 2161 p.
1661 2122 1699 2152 41
1724 2133 1731 2154 :

300 2167 593 2210 Εὐτυκιανισταί
617 2169 682 2210 καὶ
705 2173 723 2210 ὁ
748 2171 886 2211 τούτων
914 2172 1084 2217 κοινωνὸς
1109 2170 1306 2228 Διόσκορος
1336 2170 1400 2210 καὶ
1425 2169 1544 2212 λοιπὸν
1567 2167 1735 2228 Σεβῆρος

302 2235 367 2273 καί
399 2232 567 2286 Ιάκωβος
583 2268 594 2289 ,
617 2232 696 2290 οὐχ’
720 2238 737 2276 ὁ
767 2234 922 2276 Βάτυων
950 2239 968 2275 ὁ
993 2232 1185 2293 ὁρθόὸοξος
1208 2267 1219 2289 ⁷
1244 2229 1328 2275 ἀλλ’
1358 2231 1482 2293 ἕτερος
1517 2236 1702 2293 αἰρετικὸς
1718 2271 1731 2293 ‚

303 2299 367 2339 καὶ
387 2302 415 2339 οἱ
440 2298 558 2341 λοιποὶ
579 2297 779 2358 Ἀκέφαλοι
808 2315 825 2334 α
844 2303 1103 2345 Eutychianistae
1117 2327 1125 2339 ,
1160 2310 1349 2342 eorumque
1377 2302 1503 2334 sodalis
1528 2303 1707 2334 Dioscorus
1723 2326 1732 2339 ‚

302 2370 341 2392 ac
367 2360 491 2394 deinde
509 2362 653 2394 Severus
668 2387 676 2398 ‚
700 2367 734 2394 et
754 2361 915 2395 lacobus,
936 2369 1004 2392 non
1024 2360 1082 2392 ille
1108 2359 1303 2391 flamarum
1318 2359 1529 2391 orthodoxus
1544 2384 1553 2396 ,
1570 2360 1628 2391 sed
1648 2361 1735 2392 alius

305 2417 502 2455 haeretich
533 2419 715 2459 caeterique
751 2418 951 2458 acephali.»
980 2435 1023 2440 —
1050 2417 1216 2457 Aceplzali
1251 2416 1515 2456 appellabantur
1553 2417 1733 2456 rigidiores

303 2475 548 2516 monophysitae
561 2499 568 2513 ‚
590 2476 647 2516 qui
664 2474 842 2506 henoticon
860 2474 1002 2506 Zenonis
1020 2483 1086 2505 non
1104 2474 1353 2510 admittebant,
1372 2473 1420 2504 sic
1439 2473 1537 2510 dicti,
1556 2474 1603 2505 ait
1625 2474 1733 2506 Leon-

304 2531 370 2564 tius
393 2532 449 2564 lib.
476 2532 516 2563 de
536 2531 635 2564 sectis
649 2558 657 2569 ,
683 2538 747 2564 act.
771 2533 792 2565 5
810 2543 827 2563 «
845 2533 934 2573 quod
955 2541 971 2563 a
987 2532 1117 2573 capito.
1139 2531 1171 2563 id
1191 2535 1242 2562 est
1263 2531 1450 2571 patriarcha
1467 2540 1528 2562 suo
1548 2531 1731 2570 (nimirum

303 2589 401 2620 Petro
430 2589 549 2629 Mongo
574 2589 796 2621 alexandrino
827 2590 884 2630 qui
914 2588 1092 2620 henoticon
1131 2588 1338 2625 admiserat)
1374 2587 1557 2628 disiuncti,
1593 2589 1731 2621 seorsim

305 2647 643 2685 congregabantur.»
675 2646 705 2677 Β,
732 2646 768 2677 Ο.
796 2647 845 2684 ll,
875 2645 1018 2677 Βὶεεονι.
1041 2643 1081 2676 dc
1107 2644 1199 2685 syris
1221 2644 1378 2685 monopk.
1402 2645 1420 2685 ,ς’
1441 2644 1489 2675 tv.
