<?xml version="1.0" encoding="UTF-8"?>
<!DOCTYPE html PUBLIC "-//W3C//DTD XHTML 1.0 Transitional//EN"
    "http://www.w3.org/TR/xhtml1/DTD/xhtml1-transitional.dtd">
<html xmlns="http://www.w3.org/1999/xhtml" xml:lang="en" lang="en">
 <head>
  <title>
</title>
<meta http-equiv="Content-Type" content="text/html;charset=utf-8" />
  <meta name='ocr-system' content='tesseract 3.04.00' />
  <meta name='ocr-capabilities' content='ocr_page ocr_carea ocr_par ocr_line ocrx_word'/>
</head>
<body>
  <div class='ocr_page' id='page_1' title='image "./devitaetscriptis00abbeuoft_0226.png"; bbox 0 0 1931 3239; ppageno 0'>
   <div class='ocr_carea' id='block_1_1' title="bbox 333 205 1147 239">
    <p class='ocr_par' dir='ltr' id='par_1_1' title="bbox 333 205 1147 239">
     <span class='ocr_line' id='line_1_1' title="bbox 333 205 1147 239; baseline 0 0"><span class='ocrx_word' id='word_1_1' title='bbox 333 205 394 239; x_wconf 76' lang='lat'>198</span> <span class='ocrx_word' id='word_1_2' title='bbox 953 214 1080 239; x_wconf 67' lang='lat' dir='ltr'>CAPUT</span> <span class='ocrx_word' id='word_1_3' title='bbox 1107 214 1147 239; x_wconf 80' lang='grc' dir='ltr'>Π.</span> 
     </span>
    </p>
   </div>
   <div class='ocr_carea' id='block_1_2' title="bbox 328 307 1765 1931">
    <p class='ocr_par' dir='ltr' id='par_1_2' title="bbox 328 307 1765 1931">
     <span class='ocr_line' id='line_1_2' title="bbox 331 307 1763 364; baseline 0.001 -16"><span class='ocrx_word' id='word_1_4' title='bbox 331 314 447 350; x_wconf 84' lang='lat' dir='ltr'>vator</span> <span class='ocrx_word' id='word_1_5' title='bbox 494 313 610 348; x_wconf 81' lang='lat' dir='ltr'>ortus</span> <span class='ocrx_word' id='word_1_6' title='bbox 668 313 725 348; x_wconf 81' lang='lat' dir='ltr'>esc</span> <span class='ocrx_word' id='word_1_7' title='bbox 774 320 791 347; x_wconf 85' lang='lat' dir='ltr'>e</span> <span class='ocrx_word' id='word_1_8' title='bbox 840 307 999 359; x_wconf 76' lang='lat' dir='ltr'>Virqz&#39;ne</span> <span class='ocrx_word' id='word_1_9' title='bbox 1046 313 1246 360; x_wconf 73' lang='lat' dir='ltr'>tanquam</span> <span class='ocrx_word' id='word_1_10' title='bbox 1298 308 1444 349; x_wconf 75' lang='lat' dir='ltr'>radius</span> <span class='ocrx_word' id='word_1_11' title='bbox 1496 321 1548 349; x_wconf 73' lang='lat' dir='ltr'>ex</span> <span class='ocrx_word' id='word_1_12' title='bbox 1600 310 1684 364; x_wconf 71' lang='lat' dir='ltr'>luce</span> <span class='ocrx_word' id='word_1_13' title='bbox 1721 311 1763 349; x_wconf 80' lang='lat' dir='ltr'>in</span> 
     </span>
     <span class='ocr_line' id='line_1_3' title="bbox 329 376 1763 433; baseline 0.001 -15"><span class='ocrx_word' id='word_1_14' title='bbox 329 380 442 419; x_wconf 77' lang='lat' dir='ltr'>oculo</span> <span class='ocrx_word' id='word_1_15' title='bbox 479 390 589 429; x_wconf 83' lang='lat' dir='ltr'>puro</span> <span class='ocrx_word' id='word_1_16' title='bbox 633 378 823 431; x_wconf 74' lang='lat' dir='ltr'>effulqens</span> <span class='ocrx_word' id='word_1_17' title='bbox 866 376 937 432; x_wconf 81' lang='lat'>(1),</span> <span class='ocrx_word' id='word_1_18' title='bbox 987 386 1027 419; x_wconf 90' lang='lat' dir='ltr'>et</span> <span class='ocrx_word' id='word_1_19' title='bbox 1070 377 1103 419; x_wconf 91' lang='lat' dir='ltr'>si</span> <span class='ocrx_word' id='word_1_20' title='bbox 1154 378 1366 433; x_wconf 83' lang='lat' dir='ltr'>signacula</span> <span class='ocrx_word' id='word_1_21' title='bbox 1406 377 1496 432; x_wconf 88' lang='lat' dir='ltr'>ejus</span> <span class='ocrx_word' id='word_1_22' title='bbox 1550 378 1763 433; x_wconf 78' lang='lat' dir='ltr'>virginalia</span> 
     </span>
     <span class='ocr_line' id='line_1_4' title="bbox 329 447 1763 504; baseline 0 -14"><span class='ocrx_word' id='word_1_23' title='bbox 329 454 532 503; x_wconf 86' lang='lat' dir='ltr'>perpetuo</span> <span class='ocrx_word' id='word_1_24' title='bbox 583 447 722 489; x_wconf 84' lang='lat' dir='ltr'>clausa</span> <span class='ocrx_word' id='word_1_25' title='bbox 774 456 1051 497; x_wconf 87' lang='lat' dir='ltr'>manserunt,</span> <span class='ocrx_word' id='word_1_26' title='bbox 1115 448 1227 490; x_wconf 88' lang='lat' dir='ltr'>nulla</span> <span class='ocrx_word' id='word_1_27' title='bbox 1265 449 1351 504; x_wconf 88' lang='lat' dir='ltr'>jam</span> <span class='ocrx_word' id='word_1_28' title='bbox 1398 456 1591 503; x_wconf 77' lang='lat' dir='ltr'><strong>superest</strong></span> <span class='ocrx_word' id='word_1_29' title='bbox 1641 461 1763 490; x_wconf 88' lang='lat' dir='ltr'>causa</span> 
     </span>
     <span class='ocr_line' id='line_1_5' title="bbox 329 517 1764 575; baseline 0.001 -15"><span class='ocrx_word' id='word_1_30' title='bbox 329 519 522 561; x_wconf 84' lang='lat' dir='ltr'>dolorum</span> <span class='ocrx_word' id='word_1_31' title='bbox 567 517 637 572; x_wconf 90' lang='lat' dir='ltr'>qui</span> <span class='ocrx_word' id='word_1_32' title='bbox 670 518 711 559; x_wconf 93' lang='lat' dir='ltr'>in</span> <span class='ocrx_word' id='word_1_33' title='bbox 754 526 874 573; x_wconf 86' lang='lat' dir='ltr'>partu</span> <span class='ocrx_word' id='word_1_34' title='bbox 916 532 937 561; x_wconf 90' lang='lat' dir='ltr'>a</span> <span class='ocrx_word' id='word_1_35' title='bbox 975 519 1179 561; x_wconf 86' lang='lat' dir='ltr'>matribus</span> <span class='ocrx_word' id='word_1_36' title='bbox 1224 520 1479 562; x_wconf 85' lang='lat' dir='ltr'>sentiuntur.</span> <span class='ocrx_word' id='word_1_37' title='bbox 1526 520 1647 563; x_wconf 84' lang='lat' dir='ltr'>Unde</span> <span class='ocrx_word' id='word_1_38' title='bbox 1693 520 1764 575; x_wconf 84' lang='lat' dir='ltr'>qui</span> 
     </span>
     <span class='ocr_line' id='line_1_6' title="bbox 328 588 1764 644; baseline 0.002 -14"><span class='ocrx_word' id='word_1_39' title='bbox 328 588 611 644; x_wconf 80' lang='lat' dir='ltr'>virginitatem</span> <span class='ocrx_word' id='word_1_40' title='bbox 646 589 688 630; x_wconf 90' lang='lat' dir='ltr'>in</span> <span class='ocrx_word' id='word_1_41' title='bbox 734 597 852 644; x_wconf 87' lang='lat' dir='ltr'>partu</span> <span class='ocrx_word' id='word_1_42' title='bbox 885 597 925 631; x_wconf 88' lang='lat' dir='ltr'>et</span> <span class='ocrx_word' id='word_1_43' title='bbox 966 590 1217 644; x_wconf 87' lang='lat' dir='ltr'>parientium</span> <span class='ocrx_word' id='word_1_44' title='bbox 1252 591 1420 633; x_wconf 87' lang='lat' dir='ltr'>dolores</span> <span class='ocrx_word' id='word_1_45' title='bbox 1458 591 1597 632; x_wconf 80' lang='lat' dir='ltr'>Mariae</span> <span class='ocrx_word' id='word_1_46' title='bbox 1639 591 1764 633; x_wconf 86' lang='lat' dir='ltr'>simul</span> 
     </span>
     <span class='ocr_line' id='line_1_7' title="bbox 329 661 1764 719; baseline 0.002 -17"><span class='ocrx_word' id='word_1_47' title='bbox 329 661 519 703; x_wconf 87' lang='lat' dir='ltr'>attribuit</span> <span class='ocrx_word' id='word_1_48' title='bbox 545 661 624 703; x_wconf 87' lang='lat' dir='ltr'>sibi</span> <span class='ocrx_word' id='word_1_49' title='bbox 654 661 764 703; x_wconf 90' lang='lat' dir='ltr'>haud</span> <span class='ocrx_word' id='word_1_50' title='bbox 786 669 1005 711; x_wconf 76' lang='lat' dir='ltr'>constare,</span> <span class='ocrx_word' id='word_1_51' title='bbox 1031 661 1093 704; x_wconf 89' lang='lat' dir='ltr'>vel</span> <span class='ocrx_word' id='word_1_52' title='bbox 1119 662 1258 716; x_wconf 86' lang='lat' dir='ltr'>potius</span> <span class='ocrx_word' id='word_1_53' title='bbox 1289 676 1431 705; x_wconf 88' lang='lat' dir='ltr'>secum</span> <span class='ocrx_word' id='word_1_54' title='bbox 1457 663 1546 718; x_wconf 85' lang='lat' dir='ltr'>ipse</span> <span class='ocrx_word' id='word_1_55' title='bbox 1580 676 1764 719; x_wconf 82' lang='lat' dir='ltr'>pugnare</span> 
     </span>
     <span class='ocr_line' id='line_1_8' title="bbox 329 731 1763 788; baseline 0.001 -15"><span class='ocrx_word' id='word_1_56' title='bbox 329 731 624 781; x_wconf 88' lang='lat' dir='ltr'>convincitur;</span> <span class='ocrx_word' id='word_1_57' title='bbox 673 731 813 773; x_wconf 88' lang='lat' dir='ltr'>nullus</span> <span class='ocrx_word' id='word_1_58' title='bbox 859 733 1057 782; x_wconf 78' lang='lat' dir='ltr'>Pati-um,</span> <span class='ocrx_word' id='word_1_59' title='bbox 1105 740 1313 787; x_wconf 85' lang='lat' dir='ltr'>quatenus</span> <span class='ocrx_word' id='word_1_60' title='bbox 1360 733 1480 783; x_wconf 86' lang='lat' dir='ltr'>novi,</span> <span class='ocrx_word' id='word_1_61' title='bbox 1523 732 1763 788; x_wconf 86' lang='lat' dir='ltr'>hujusmodi</span> 
     </span>
     <span class='ocr_line' id='line_1_9' title="bbox 328 803 1765 859; baseline 0 -13"><span class='ocrx_word' id='word_1_62' title='bbox 328 803 581 847; x_wconf 70' lang='lat' dir='ltr'>sententiam</span> <span class='ocrx_word' id='word_1_63' title='bbox 617 804 851 858; x_wconf 87' lang='lat' dir='ltr'>proposuit.</span> <span class='ocrx_word' id='word_1_64' title='bbox 889 803 972 846; x_wconf 89' lang='lat' dir='ltr'>Sed</span> <span class='ocrx_word' id='word_1_65' title='bbox 1011 817 1155 859; x_wconf 88' lang='lat' dir='ltr'>parum</span> <span class='ocrx_word' id='word_1_66' title='bbox 1193 805 1271 847; x_wconf 91' lang='lat' dir='ltr'>hoc</span> <span class='ocrx_word' id='word_1_67' title='bbox 1308 813 1395 854; x_wconf 82' lang='lat' dir='ltr'>est,</span> <span class='ocrx_word' id='word_1_68' title='bbox 1438 818 1568 859; x_wconf 83' lang='lat' dir='ltr'>quum</span> <span class='ocrx_word' id='word_1_69' title='bbox 1610 804 1765 847; x_wconf 87' lang='lat' dir='ltr'>doctri-</span> 
     </span>
     <span class='ocr_line' id='line_1_10' title="bbox 330 874 1763 931; baseline 0.001 -14"><span class='ocrx_word' id='word_1_70' title='bbox 330 887 476 917; x_wconf 89' lang='lat' dir='ltr'>narum</span> <span class='ocrx_word' id='word_1_71' title='bbox 534 874 832 917; x_wconf 81' lang='lat' dir='ltr'>incohaerentia</span> <span class='ocrx_word' id='word_1_72' title='bbox 880 887 931 917; x_wconf 87' lang='lat' dir='ltr'>ex</span> <span class='ocrx_word' id='word_1_73' title='bbox 982 875 1163 917; x_wconf 86' lang='lat' dir='ltr'>humana</span> <span class='ocrx_word' id='word_1_74' title='bbox 1217 875 1441 931; x_wconf 82' lang='lat' dir='ltr'>fragilitate</span> <span class='ocrx_word' id='word_1_75' title='bbox 1493 876 1601 931; x_wconf 89' lang='lat' dir='ltr'>apud</span> <span class='ocrx_word' id='word_1_76' title='bbox 1650 876 1763 931; x_wconf 86' lang='lat' dir='ltr'>ipsos</span> 
     </span>
     <span class='ocr_line' id='line_1_11' title="bbox 328 946 1760 1003; baseline 0.001 -15"><span class='ocrx_word' id='word_1_77' title='bbox 328 946 700 1003; x_wconf 82' lang='lat' dir='ltr'>praestantissimos</span> <span class='ocrx_word' id='word_1_78' title='bbox 731 947 857 990; x_wconf 88' lang='lat' dir='ltr'>etiam</span> <span class='ocrx_word' id='word_1_79' title='bbox 881 947 991 989; x_wconf 87' lang='lat' dir='ltr'>viros</span> <span class='ocrx_word' id='word_1_80' title='bbox 1026 947 1280 1003; x_wconf 81' lang='lat' dir='ltr'>quandoque</span> <span class='ocrx_word' id='word_1_81' title='bbox 1318 948 1501 1003; x_wconf 87' lang='lat' dir='ltr'>reperire</span> <span class='ocrx_word' id='word_1_82' title='bbox 1532 955 1622 999; x_wconf 87' lang='lat' dir='ltr'>est;</span> <span class='ocrx_word' id='word_1_83' title='bbox 1648 947 1760 1003; x_wconf 83' lang='lat' dir='ltr'>quod</span> 
     </span>
     <span class='ocr_line' id='line_1_12' title="bbox 328 1017 1763 1073; baseline 0.002 -15"><span class='ocrx_word' id='word_1_84' title='bbox 328 1024 468 1060; x_wconf 81' lang='lat' dir='ltr'>autem</span> <span class='ocrx_word' id='word_1_85' title='bbox 506 1017 548 1058; x_wconf 89' lang='lat' dir='ltr'>in</span> <span class='ocrx_word' id='word_1_86' title='bbox 590 1018 783 1072; x_wconf 83' lang='lat' dir='ltr'>praesenti</span> <span class='ocrx_word' id='word_1_87' title='bbox 819 1031 916 1060; x_wconf 88' lang='lat' dir='ltr'>casu</span> <span class='ocrx_word' id='word_1_88' title='bbox 953 1018 1085 1073; x_wconf 83' lang='lat' dir='ltr'>magis</span> <span class='ocrx_word' id='word_1_89' title='bbox 1122 1018 1388 1061; x_wconf 83' lang='lat' dir='ltr'>mirationem</span> <span class='ocrx_word' id='word_1_90' title='bbox 1426 1027 1591 1069; x_wconf 89' lang='lat' dir='ltr'>movet,</span> <span class='ocrx_word' id='word_1_91' title='bbox 1631 1019 1671 1060; x_wconf 91' lang='lat' dir='ltr'>in</span> <span class='ocrx_word' id='word_1_92' title='bbox 1716 1031 1763 1061; x_wconf 86' lang='lat' dir='ltr'>ea</span> 
     </span>
     <span class='ocr_line' id='line_1_13' title="bbox 328 1088 1764 1145; baseline 0 -14"><span class='ocrx_word' id='word_1_93' title='bbox 328 1088 523 1131; x_wconf 83' lang='lat' dir='ltr'>consistit</span> <span class='ocrx_word' id='word_1_94' title='bbox 547 1089 821 1131; x_wconf 86' lang='lat' dir='ltr'>terminorum</span> <span class='ocrx_word' id='word_1_95' title='bbox 858 1089 1195 1132; x_wconf 80' lang='lat' dir='ltr'>contradictione</span> <span class='ocrx_word' id='word_1_96' title='bbox 1220 1102 1311 1145; x_wconf 84' lang='lat' dir='ltr'>quae</span> <span class='ocrx_word' id='word_1_97' title='bbox 1345 1090 1387 1131; x_wconf 93' lang='lat' dir='ltr'>in</span> <span class='ocrx_word' id='word_1_98' title='bbox 1421 1103 1504 1132; x_wconf 89' lang='lat' dir='ltr'>uno</span> <span class='ocrx_word' id='word_1_99' title='bbox 1529 1089 1764 1144; x_wconf 76' lang='lat' dir='ltr'>eodemque</span> 
     </span>
     <span class='ocr_line' id='line_1_14' title="bbox 329 1160 1762 1218; baseline 0.002 -17"><span class='ocrx_word' id='word_1_100' title='bbox 329 1161 514 1202; x_wconf 88' lang='lat' dir='ltr'>carmine</span> <span class='ocrx_word' id='word_1_101' title='bbox 569 1160 778 1212; x_wconf 79' lang='lat' dir='ltr'>occurrit3</span> <span class='ocrx_word' id='word_1_102' title='bbox 830 1175 924 1203; x_wconf 87' lang='lat' dir='ltr'>nam</span> <span class='ocrx_word' id='word_1_103' title='bbox 982 1161 1107 1203; x_wconf 85' lang='lat' dir='ltr'>Maria</span> <span class='ocrx_word' id='word_1_104' title='bbox 1150 1162 1400 1217; x_wconf 81' lang='lat' dir='ltr'>praedicatur</span> <span class='ocrx_word' id='word_1_105' title='bbox 1445 1175 1518 1218; x_wconf 86' lang='lat' dir='ltr'>per</span> <span class='ocrx_word' id='word_1_106' title='bbox 1560 1161 1762 1217; x_wconf 86' lang='lat' dir='ltr'>Spiritum</span> 
     </span>
     <span class='ocr_line' id='line_1_15' title="bbox 329 1230 1762 1274; baseline 0.002 -3"><span class='ocrx_word' id='word_1_107' title='bbox 329 1238 519 1272; x_wconf 80' lang='lat' dir='ltr'>sanctum</span> <span class='ocrx_word' id='word_1_108' title='bbox 553 1230 725 1272; x_wconf 88' lang='lat' dir='ltr'>liberata</span> <span class='ocrx_word' id='word_1_109' title='bbox 758 1231 886 1273; x_wconf 85' lang='lat' dir='ltr'>fuisse</span> <span class='ocrx_word' id='word_1_110' title='bbox 914 1245 935 1273; x_wconf 90' lang='lat' dir='ltr'>a</span> <span class='ocrx_word' id='word_1_111' title='bbox 966 1231 1261 1274; x_wconf 83' lang='lat' dir='ltr'>maledictione</span> <span class='ocrx_word' id='word_1_112' title='bbox 1299 1240 1340 1274; x_wconf 91' lang='lat' dir='ltr'>et</span> <span class='ocrx_word' id='word_1_113' title='bbox 1373 1232 1590 1274; x_wconf 87' lang='lat' dir='ltr'>doloribus</span> <span class='ocrx_word' id='word_1_114' title='bbox 1622 1232 1762 1274; x_wconf 84' lang='lat' dir='ltr'>Hevae.</span> 
     </span>
     <span class='ocr_line' id='line_1_16' title="bbox 328 1302 1763 1359; baseline 0.001 -15"><span class='ocrx_word' id='word_1_115' title='bbox 328 1303 391 1344; x_wconf 81' lang='lat' dir='ltr'>Ex</span> <span class='ocrx_word' id='word_1_116' title='bbox 419 1303 493 1344; x_wconf 85' lang='lat' dir='ltr'>hac</span> <span class='ocrx_word' id='word_1_117' title='bbox 525 1302 769 1345; x_wconf 85' lang='lat' dir='ltr'>difficultate</span> <span class='ocrx_word' id='word_1_118' title='bbox 797 1302 948 1358; x_wconf 82' lang='lat' dir='ltr'>aliquis</span> <span class='ocrx_word' id='word_1_119' title='bbox 987 1304 1093 1346; x_wconf 87' lang='lat' dir='ltr'>forte</span> <span class='ocrx_word' id='word_1_120' title='bbox 1122 1304 1175 1346; x_wconf 92' lang='lat' dir='ltr'>ita</span> <span class='ocrx_word' id='word_1_121' title='bbox 1205 1317 1250 1346; x_wconf 85' lang='lat' dir='ltr'>se</span> <span class='ocrx_word' id='word_1_122' title='bbox 1278 1304 1495 1359; x_wconf 79' lang='lat' dir='ltr'>expediat,</span> <span class='ocrx_word' id='word_1_123' title='bbox 1529 1312 1573 1346; x_wconf 88' lang='lat' dir='ltr'>ut</span> <span class='ocrx_word' id='word_1_124' title='bbox 1603 1312 1763 1346; x_wconf 76' lang='lat' dir='ltr'>asserat</span> 
     </span>
     <span class='ocr_line' id='line_1_17' title="bbox 329 1375 1762 1430; baseline 0.001 -14"><span class='ocrx_word' id='word_1_125' title='bbox 329 1382 543 1417; x_wconf 84' lang='lat' dir='ltr'>auctorem</span> <span class='ocrx_word' id='word_1_126' title='bbox 573 1382 789 1423; x_wconf 86' lang='lat' dir='ltr'>nostrum,</span> <span class='ocrx_word' id='word_1_127' title='bbox 821 1375 890 1417; x_wconf 91' lang='lat' dir='ltr'>ubi</span> <span class='ocrx_word' id='word_1_128' title='bbox 920 1376 1097 1417; x_wconf 86' lang='lat' dir='ltr'>affirmat</span> <span class='ocrx_word' id='word_1_129' title='bbox 1124 1375 1290 1418; x_wconf 85' lang='lat' dir='ltr'>dolores</span> <span class='ocrx_word' id='word_1_130' title='bbox 1326 1375 1528 1430; x_wconf 79' lang='lat' dir='ltr'>parientis</span> <span class='ocrx_word' id='word_1_131' title='bbox 1563 1376 1602 1417; x_wconf 91' lang='lat' dir='ltr'>in</span> <span class='ocrx_word' id='word_1_132' title='bbox 1636 1376 1762 1418; x_wconf 86' lang='lat' dir='ltr'>Maria</span> 
     </span>
     <span class='ocr_line' id='line_1_18' title="bbox 331 1446 1762 1502; baseline 0.001 -15"><span class='ocrx_word' id='word_1_133' title='bbox 331 1446 556 1501; x_wconf 79' lang='lat' dir='ltr'>obtigisse,</span> <span class='ocrx_word' id='word_1_134' title='bbox 593 1446 885 1489; x_wconf 85' lang='lat' dir='ltr'>tantummodo</span> <span class='ocrx_word' id='word_1_135' title='bbox 922 1447 1038 1502; x_wconf 80' lang='lat' dir='ltr'>loqui</span> <span class='ocrx_word' id='word_1_136' title='bbox 1077 1447 1128 1489; x_wconf 87' lang='lat' dir='ltr'>de</span> <span class='ocrx_word' id='word_1_137' title='bbox 1157 1447 1392 1496; x_wconf 83' lang='lat' dir='ltr'>molestiis,</span> <span class='ocrx_word' id='word_1_138' title='bbox 1432 1459 1524 1502; x_wconf 80' lang='lat' dir='ltr'>qnae</span> <span class='ocrx_word' id='word_1_139' title='bbox 1559 1460 1644 1488; x_wconf 88' lang='lat' dir='ltr'>non</span> <span class='ocrx_word' id='word_1_140' title='bbox 1678 1447 1762 1489; x_wconf 90' lang='lat' dir='ltr'>sint</span> 
     </span>
     <span class='ocr_line' id='line_1_19' title="bbox 332 1517 1761 1573; baseline 0.001 -15"><span class='ocrx_word' id='word_1_141' title='bbox 332 1517 497 1572; x_wconf 79' lang='lat' dir='ltr'>proprie</span> <span class='ocrx_word' id='word_1_142' title='bbox 533 1517 699 1559; x_wconf 87' lang='lat' dir='ltr'>dolores</span> <span class='ocrx_word' id='word_1_143' title='bbox 743 1525 913 1572; x_wconf 87' lang='lat' dir='ltr'>partus,</span> <span class='ocrx_word' id='word_1_144' title='bbox 951 1518 1024 1560; x_wconf 86' lang='lat' dir='ltr'>sed</span> <span class='ocrx_word' id='word_1_145' title='bbox 1058 1531 1162 1573; x_wconf 89' lang='lat' dir='ltr'>quas</span> <span class='ocrx_word' id='word_1_146' title='bbox 1204 1518 1243 1559; x_wconf 92' lang='lat' dir='ltr'>in</span> <span class='ocrx_word' id='word_1_147' title='bbox 1281 1517 1467 1560; x_wconf 88' lang='lat' dir='ltr'>curando</span> <span class='ocrx_word' id='word_1_148' title='bbox 1505 1517 1646 1560; x_wconf 88' lang='lat' dir='ltr'>divino</span> <span class='ocrx_word' id='word_1_149' title='bbox 1684 1530 1761 1559; x_wconf 84' lang='lat' dir='ltr'>suo</span> 
     </span>
     <span class='ocr_line' id='line_1_20' title="bbox 332 1588 1762 1644; baseline 0 -14"><span class='ocrx_word' id='word_1_150' title='bbox 332 1588 437 1630; x_wconf 87' lang='lat' dir='ltr'>Filio</span> <span class='ocrx_word' id='word_1_151' title='bbox 476 1601 672 1644; x_wconf 84' lang='lat' dir='ltr'>perpessa</span> <span class='ocrx_word' id='word_1_152' title='bbox 698 1596 789 1637; x_wconf 86' lang='lat' dir='ltr'>est,</span> <span class='ocrx_word' id='word_1_153' title='bbox 827 1588 1005 1643; x_wconf 85' lang='lat' dir='ltr'>aliisque</span> <span class='ocrx_word' id='word_1_154' title='bbox 1038 1589 1320 1631; x_wconf 83' lang='lat' dir='ltr'>incommodis</span> <span class='ocrx_word' id='word_1_155' title='bbox 1351 1597 1391 1632; x_wconf 86' lang='lat' dir='ltr'>et</span> <span class='ocrx_word' id='word_1_156' title='bbox 1421 1588 1762 1639; x_wconf 78' lang='lat' dir='ltr'>difficultatibus3</span> 
     </span>
     <span class='ocr_line' id='line_1_21' title="bbox 330 1661 1761 1716; baseline 0 -13"><span class='ocrx_word' id='word_1_157' title='bbox 330 1670 454 1716; x_wconf 82' lang='lat' dir='ltr'>atque</span> <span class='ocrx_word' id='word_1_158' title='bbox 496 1661 590 1703; x_wconf 84' lang='lat' dir='ltr'>ideo</span> <span class='ocrx_word' id='word_1_159' title='bbox 623 1674 716 1703; x_wconf 87' lang='lat' dir='ltr'>cum</span> <span class='ocrx_word' id='word_1_160' title='bbox 761 1661 811 1703; x_wconf 84' lang='lat' dir='ltr'>iis</span> <span class='ocrx_word' id='word_1_161' title='bbox 852 1661 1123 1716; x_wconf 81' lang='lat' dir='ltr'>conjunxisse</span> <span class='ocrx_word' id='word_1_162' title='bbox 1158 1662 1284 1703; x_wconf 88' lang='lat' dir='ltr'>etiam</span> <span class='ocrx_word' id='word_1_163' title='bbox 1323 1663 1550 1714; x_wconf 75' lang='lat' dir='ltr'>insa-nciam</span> <span class='ocrx_word' id='word_1_164' title='bbox 1590 1663 1761 1703; x_wconf 81' lang='lat' dir='ltr'>dolores.</span> 
     </span>
     <span class='ocr_line' id='line_1_22' title="bbox 332 1731 1758 1787; baseline 0 -14"><span class='ocrx_word' id='word_1_165' title='bbox 332 1732 406 1774; x_wconf 86' lang='lat' dir='ltr'>Vix</span> <span class='ocrx_word' id='word_1_166' title='bbox 448 1740 610 1781; x_wconf 86' lang='lat' dir='ltr'>tamen,</span> <span class='ocrx_word' id='word_1_167' title='bbox 647 1740 691 1774; x_wconf 89' lang='lat' dir='ltr'>ut</span> <span class='ocrx_word' id='word_1_168' title='bbox 725 1732 900 1787; x_wconf 83' lang='lat' dir='ltr'>opinor,</span> <span class='ocrx_word' id='word_1_169' title='bbox 930 1732 1084 1787; x_wconf 89' lang='lat' dir='ltr'>poterit</span> <span class='ocrx_word' id='word_1_170' title='bbox 1115 1731 1358 1787; x_wconf 84' lang='lat' dir='ltr'>hujusmodi</span> <span class='ocrx_word' id='word_1_171' title='bbox 1393 1732 1631 1787; x_wconf 79' lang='lat' dir='ltr'>explanatio</span> <span class='ocrx_word' id='word_1_172' title='bbox 1663 1744 1758 1773; x_wconf 90' lang='lat' dir='ltr'>cum</span> 
     </span>
     <span class='ocr_line' id='line_1_23' title="bbox 330 1803 1759 1858; baseline -0.001 -13"><span class='ocrx_word' id='word_1_173' title='bbox 330 1803 451 1845; x_wconf 84' lang='lat' dir='ltr'>obvia</span> <span class='ocrx_word' id='word_1_174' title='bbox 490 1811 531 1845; x_wconf 85' lang='lat' dir='ltr'>et</span> <span class='ocrx_word' id='word_1_175' title='bbox 561 1803 740 1845; x_wconf 88' lang='lat' dir='ltr'>naturali</span> <span class='ocrx_word' id='word_1_176' title='bbox 780 1803 1003 1845; x_wconf 83' lang='lat' dir='ltr'>verborum</span> <span class='ocrx_word' id='word_1_177' title='bbox 1045 1816 1171 1845; x_wconf 84' lang='lat' dir='ltr'>sensu</span> <span class='ocrx_word' id='word_1_178' title='bbox 1217 1803 1439 1858; x_wconf 84' lang='lat' dir='ltr'>componi,</span> <span class='ocrx_word' id='word_1_179' title='bbox 1475 1814 1652 1857; x_wconf 85' lang='lat' dir='ltr'>eamque</span> <span class='ocrx_word' id='word_1_180' title='bbox 1684 1814 1759 1844; x_wconf 91' lang='lat' dir='ltr'>ceu</span> 
     </span>
     <span class='ocr_line' id='line_1_24' title="bbox 330 1874 1698 1931; baseline -0.001 -13"><span class='ocrx_word' id='word_1_181' title='bbox 330 1876 615 1931; x_wconf 82' lang='lat' dir='ltr'>conjecturam</span> <span class='ocrx_word' id='word_1_182' title='bbox 652 1875 789 1930; x_wconf 85' lang='lat' dir='ltr'>potius</span> <span class='ocrx_word' id='word_1_183' title='bbox 819 1888 941 1930; x_wconf 85' lang='lat' dir='ltr'>quam</span> <span class='ocrx_word' id='word_1_184' title='bbox 973 1883 1017 1917; x_wconf 90' lang='lat' dir='ltr'>ut</span> <span class='ocrx_word' id='word_1_185' title='bbox 1051 1875 1308 1917; x_wconf 85' lang='lat' dir='ltr'>sententiam</span> <span class='ocrx_word' id='word_1_186' title='bbox 1342 1874 1511 1930; x_wconf 86' lang='lat' dir='ltr'>profero</span> <span class='ocrx_word' id='word_1_187' title='bbox 1548 1887 1698 1916; x_wconf 88' lang='lat' dir='ltr'>meam.</span> 
     </span>
    </p>
   </div>
   <div class='ocr_carea' id='block_1_3' title="bbox 329 2032 1756 2132">
    <p class='ocr_par' dir='ltr' id='par_1_3' title="bbox 329 2032 1756 2132">
     <span class='ocr_line' id='line_1_25' title="bbox 375 2032 1756 2075; baseline -0.001 -9"><span class='ocrx_word' id='word_1_188' title='bbox 375 2034 416 2072; x_wconf 79' lang='lat' dir='ltr'>(i)</span> <span class='ocrx_word' id='word_1_189' title='bbox 446 2035 491 2065; x_wconf 86' lang='lat' dir='ltr'>lta</span> <span class='ocrx_word' id='word_1_190' title='bbox 526 2034 651 2072; x_wconf 78' lang='lat' dir='ltr'>legitur</span> <span class='ocrx_word' id='word_1_191' title='bbox 687 2035 717 2064; x_wconf 91' lang='lat' dir='ltr'>in</span> <span class='ocrx_word' id='word_1_192' title='bbox 746 2032 937 2075; x_wconf 73' lang='lat' dir='ltr'>Amphora</span> <span class='ocrx_word' id='word_1_193' title='bbox 963 2035 995 2067; x_wconf 88' lang='lat' dir='ltr'>S.</span> <span class='ocrx_word' id='word_1_194' title='bbox 1031 2033 1144 2066; x_wconf 81' lang='lat' dir='ltr'>Jacobi</span> <span class='ocrx_word' id='word_1_195' title='bbox 1180 2035 1405 2075; x_wconf 81' lang='lat' dir='ltr'>Sarugensis,</span> <span class='ocrx_word' id='word_1_196' title='bbox 1441 2033 1529 2073; x_wconf 82' lang='lat' dir='ltr'>apud</span> <span class='ocrx_word' id='word_1_197' title='bbox 1569 2032 1756 2065; x_wconf 80' lang='lat' dir='ltr'>Renaudot.</span> 
     </span>
     <span class='ocr_line' id='line_1_26' title="bbox 329 2089 795 2132; baseline -0.002 -9"><span class='ocrx_word' id='word_1_198' title='bbox 329 2097 406 2123; x_wconf 84' lang='lat' dir='ltr'>tom.</span> <span class='ocrx_word' id='word_1_199' title='bbox 438 2091 461 2121; x_wconf 86' lang='lat' dir='ltr'>ll</span> <span class='ocrx_word' id='word_1_200' title='bbox 486 2089 630 2132; x_wconf 72' lang='lat' dir='ltr'>liturqy.</span> <span class='ocrx_word' id='word_1_201' title='bbox 658 2099 689 2131; x_wconf 90' lang='lat' dir='ltr'>p.</span> <span class='ocrx_word' id='word_1_202' title='bbox 716 2091 795 2122; x_wconf 78' lang='lat'>558.</span> 
     </span>
    </p>
   </div>
  </div>
 </body>
</html>
