1931 3239
629 179 766 206 JACOBI
794 179 936 206 SARCG.
963 180 1067 206 VITA,
1525 174 1565 203 (ἢν

133 273 320 317 Gaudeat
352 279 485 315 coetus
509 272 796 327 apostolorum
830 272 939 327 quod
972 284 1118 315 eorum
1154 272 1294 314 socius
1327 278 1453 327 atque
1483 271 1565 314 dis-

129 355 293 412 cipulus
323 367 417 397 cum
457 353 539 397 fide
574 353 871 396 celebretur....
911 353 1099 396 Gaudeat
1133 366 1256 396 mons
1290 353 1565 408 evangelista-

130 451 222 480 rum
255 444 296 480 et
323 437 672 493 praedicatorum‚
697 448 861 478 necnon
900 435 1121 478 doctorum
1154 435 1488 478 orthodoxorum
1522 435 1564 477 in

130 519 197 562 die
230 519 331 569 hac,
362 531 443 573 qua
474 517 727 560 benedictus
763 524 880 572 pater
908 517 1115 560 exaltatur
1144 517 1464 572 celebraturque
1491 529 1566 572 pro

130 600 365 644 sanctitatis
397 608 439 643 et
473 599 640 641 virtutis
673 611 759 642 suae
793 599 958 641 merito.

194 869 396 917 Exultent
421 868 547 911 hodie
578 868 773 911 monachi
802 876 842 911 et
871 875 1046 918 ascetae‚
1080 868 1300 922 utriusque
1331 879 1457 909 sexus
1488 867 1567 909 vir-

133 954 252 1010 gines
298 959 341 995 et
375 951 583 1007 juvenes,
628 958 768 994 castus
812 949 1024 1005 justorum
1069 950 1251 999 chorus,
1304 949 1569 992 sacerdotum

133 1048 301 1091 quoque
334 1042 376 1077 et
411 1034 709 1081 diaconorum,
745 1033 948 1091 lectorum
992 1040 1033 1074 et
1069 1031 1405 1087 psalmistarum,
1443 1033 1571 1075 inter-

134 1126 298 1174 pretum
331 1124 373 1160 et
406 1116 739 1165 coenobitarum,
775 1124 1094 1158 mansuetorum
1132 1123 1172 1158 et
1208 1115 1570 1165 misericordium,

134 1201 326 1243 {lentium
357 1200 512 1256 pariter
542 1206 584 1241 et
606 1198 944 1254 persecutionem
980 1198 1227 1253 patientium
1248 1231 1257 1247 ‚
1292 1197 1570 1253 lapidatorum

135 1292 176 1327 et
209 1283 469 1333 occisorum,
500 1295 647 1325 eorum
681 1282 863 1338 denique
904 1281 974 1337 qui
1012 1294 1105 1324 sese
1144 1289 1316 1337 propter
1351 1281 1571 1325 dominum

137 1375 329 1410 nostrum
352 1366 576 1422 abjectioni
597 1373 827 1415 voverunt,
848 1365 1006 1421 quique
1030 1365 1084 1408 ob
1104 1377 1223 1421 spem
1249 1365 1570 1409 resurrectionis

137 1457 403 1494 mortuorum
428 1448 646 1494 facultates
690 1448 886 1491 oderunt.

200 1698 350 1741 Cuncti
394 1697 579 1740 coelitum
626 1697 739 1740 chori
785 1697 995 1752 gaudeant
1038 1696 1161 1738 hodie
1194 1696 1245 1738 de
1288 1695 1460 1738 doctore
1501 1694 1573 1737 illo

140 1783 391 1826 orthodoxo.
431 1782 591 1825 Omnes
628 1780 817 1824 ecclesiae
849 1780 1020 1823 ordines
1052 1780 1262 1836 gaudeant
1292 1779 1417 1822 hodie
1448 1779 1489 1821 in
1525 1791 1574 1821 eo

140 1864 210 1920 qui
245 1864 358 1920 ipsos
392 1871 516 1919 potus
546 1862 697 1905 vivifici
724 1861 878 1904 affluxu
913 1861 1172 1904 refocillavit.

205 2101 336 2156 Igitur
360 2106 402 2143 et
426 2112 529 2149 nos,
561 2098 775 2141 auditores
803 2097 968 2145 fideles,
995 2096 1126 2152 agite,
1154 2096 1205 2138 de
1229 2108 1278 2138 eo
1303 2096 1342 2137 in
1367 2095 1434 2138 die
1460 2095 1574 2138 festi-

145 2272 245 2312 plane
277 2269 444 2308 intelligo.
471 2269 572 2300 Forse
602 2277 663 2309 per
686 2270 834 2298 montem
863 2267 1093 2307 metaphorice
1119 2271 1255 2298 notatur
1278 2268 1381 2297 coetus
1405 2264 1576 2297 sublimis.

193 2343 223 2366 v.
249 2334 328 2366 4⁶20.
357 2318 419 2362 ὦ
460 2334 670 2366 abbreviatio
696 2338 747 2365 est
773 2341 833 2374 pro
872 2324 1022 2368 Lazo-n
1044 2352 1053 2361 .
1083 2330 1149 2362 Csr.
1174 2330 1260 2360 infra
1285 2338 1314 2360 v.
1341 2330 1419 2360 444.

194 2416 221 2437 v.
249 2406 326 2438 430.
351 2395 459 2443 12⁸.ss3
481 2409 585 2448 ‘Au-‚9
613 2407 749 2448 proprie
776 2418 815 2432 =
836 2406 914 2437 vila>
933 2407 1158 2435 vnortuorum.
1185 2404 1241 2434 Ast
1266 2402 1320 2434 hic
1347 2407 1441 2434 notat
1464 2409 1577 2433 resur-

145 2465 326 2496 rectionem
353 2471 389 2496 ut
413 2466 422 2496 l
449 2467 524 2498 Cor.
546 2467 598 2497 XV
614 2490 622 2502 ‚
652 2465 688 2496 12
705 2489 713 2501 ,
735 2465 767 2495 in
795 2464 948 2495 versione
972 2461 1114 2503 peslzito.

194 2537 223 2559 v.
250 2529 328 2560 435.
361 2521 568 2568 {dux-...012
607 2516 754 2566 μίξει
792 2526 928 2568 proprie
963 2523 1136 2556 auditores
1171 2518 1275 2563 fidei,
1312 2521 1365 2552 hic
1403 2519 1577 2552 auditores

146 2585 273 2629 fideles.
309 2589 428 2618 Amant
464 2587 599 2618 Semitae
637 2587 804 2617 abstracta
839 2582 974 2614 nomina
1007 2579 1217 2612 substantiva
1244 2578 1315 2610 illic
1347 2587 1489 2619 ponere,
1520 2577 1576 2608 ubi

146 2652 207 2676 nos
234 2643 397 2683 adjectiva
418 2643 590 2684 qualitatis
615 2643 779 2675 adhibere
805 2641 964 2673 solemus.
