<?xml version="1.0" encoding="UTF-8"?>
<!DOCTYPE html PUBLIC "-//W3C//DTD XHTML 1.0 Transitional//EN"
    "http://www.w3.org/TR/xhtml1/DTD/xhtml1-transitional.dtd">
<html xmlns="http://www.w3.org/1999/xhtml" xml:lang="en" lang="en">
 <head>
  <title>
</title>
<meta http-equiv="Content-Type" content="text/html;charset=utf-8" />
  <meta name='ocr-system' content='tesseract 3.04.00' />
  <meta name='ocr-capabilities' content='ocr_page ocr_carea ocr_par ocr_line ocrx_word'/>
</head>
<body>
  <div class='ocr_page' id='page_1' title='image "./devitaetscriptis00abbeuoft_0176.png"; bbox 0 0 1931 3239; ppageno 0'>
   <div class='ocr_carea' id='block_1_1' title="bbox 337 195 1153 229">
    <p class='ocr_par' dir='ltr' id='par_1_1' title="bbox 337 195 1153 229">
     <span class='ocr_line' id='line_1_1' title="bbox 337 195 1153 229; baseline -0.001 -1"><span class='ocrx_word' id='word_1_1' title='bbox 337 195 396 229; x_wconf 60' lang='lat'>148</span> <span class='ocrx_word' id='word_1_2' title='bbox 960 204 1086 229; x_wconf 58' lang='lat' dir='ltr'>uAPUT</span> <span class='ocrx_word' id='word_1_3' title='bbox 1115 203 1153 228; x_wconf 86' lang='lat'>11.</span> 
     </span>
    </p>
   </div>
   <div class='ocr_carea' id='block_1_2' title="bbox 330 295 1766 1495">
    <p class='ocr_par' dir='ltr' id='par_1_2' title="bbox 330 295 1765 994">
     <span class='ocr_line' id='line_1_2' title="bbox 333 295 1762 353; baseline 0 -15"><span class='ocrx_word' id='word_1_4' title='bbox 333 296 731 345; x_wconf 73' lang='lat' dir='ltr'>monothelitarum,</span> <span class='ocrx_word' id='word_1_5' title='bbox 753 295 884 351; x_wconf 85' lang='lat' dir='ltr'>ipsius</span> <span class='ocrx_word' id='word_1_6' title='bbox 916 296 1283 353; x_wconf 83' lang='lat' dir='ltr'>monophysitismi</span> <span class='ocrx_word' id='word_1_7' title='bbox 1306 295 1629 351; x_wconf 84' lang='lat' dir='ltr'>appendiculum</span> <span class='ocrx_word' id='word_1_8' title='bbox 1645 329 1654 346; x_wconf 94' lang='lat'>‚</span> <span class='ocrx_word' id='word_1_9' title='bbox 1679 309 1762 339; x_wconf 88' lang='lat' dir='ltr'>non</span> 
     </span>
     <span class='ocr_line' id='line_1_3' title="bbox 334 367 1762 423; baseline 0.001 -15"><span class='ocrx_word' id='word_1_10' title='bbox 334 367 414 408; x_wconf 89' lang='lat' dir='ltr'>nisi</span> <span class='ocrx_word' id='word_1_11' title='bbox 444 367 580 409; x_wconf 90' lang='lat' dir='ltr'>serius</span> <span class='ocrx_word' id='word_1_12' title='bbox 613 367 693 409; x_wconf 84' lang='lat' dir='ltr'>suh</span> <span class='ocrx_word' id='word_1_13' title='bbox 730 367 912 410; x_wconf 81' lang='lat' dir='ltr'>Heraclii</span> <span class='ocrx_word' id='word_1_14' title='bbox 944 380 1095 423; x_wconf 79' lang='lat' dir='ltr'>regno,</span> <span class='ocrx_word' id='word_1_15' title='bbox 1128 375 1168 410; x_wconf 86' lang='lat' dir='ltr'>et</span> <span class='ocrx_word' id='word_1_16' title='bbox 1199 367 1367 422; x_wconf 86' lang='lat' dir='ltr'>quidem</span> <span class='ocrx_word' id='word_1_17' title='bbox 1395 367 1486 408; x_wconf 82' lang='lat' dir='ltr'>aliis</span> <span class='ocrx_word' id='word_1_18' title='bbox 1514 379 1762 422; x_wconf 87' lang='lat' dir='ltr'>promoven-</span> 
     </span>
     <span class='ocr_line' id='line_1_4' title="bbox 334 437 1763 494; baseline -0.001 -15"><span class='ocrx_word' id='word_1_19' title='bbox 334 437 461 487; x_wconf 86' lang='lat' dir='ltr'>tibus,</span> <span class='ocrx_word' id='word_1_20' title='bbox 478 437 700 480; x_wconf 81' lang='lat' dir='ltr'>emersisse</span> <span class='ocrx_word' id='word_1_21' title='bbox 721 437 781 494; x_wconf 79' lang='lat'>(1).</span> <span class='ocrx_word' id='word_1_22' title='bbox 801 437 904 490; x_wconf 81' lang='lat' dir='ltr'>Quae</span> <span class='ocrx_word' id='word_1_23' title='bbox 927 438 1067 480; x_wconf 87' lang='lat' dir='ltr'>omnia</span> <span class='ocrx_word' id='word_1_24' title='bbox 1083 438 1183 480; x_wconf 88' lang='lat' dir='ltr'>dnm</span> <span class='ocrx_word' id='word_1_25' title='bbox 1200 438 1332 487; x_wconf 85' lang='lat' dir='ltr'>video,</span> <span class='ocrx_word' id='word_1_26' title='bbox 1357 437 1520 480; x_wconf 90' lang='lat' dir='ltr'>nescire</span> <span class='ocrx_word' id='word_1_27' title='bbox 1545 450 1609 480; x_wconf 89' lang='lat' dir='ltr'>me</span> <span class='ocrx_word' id='word_1_28' title='bbox 1632 438 1763 480; x_wconf 87' lang='lat' dir='ltr'>fateor</span> 
     </span>
     <span class='ocr_line' id='line_1_5' title="bbox 333 508 1763 565; baseline 0.001 -15"><span class='ocrx_word' id='word_1_29' title='bbox 333 508 433 564; x_wconf 88' lang='lat' dir='ltr'>quid</span> <span class='ocrx_word' id='word_1_30' title='bbox 459 509 513 551; x_wconf 92' lang='lat' dir='ltr'>sit</span> <span class='ocrx_word' id='word_1_31' title='bbox 534 509 585 551; x_wconf 88' lang='lat' dir='ltr'>de</span> <span class='ocrx_word' id='word_1_32' title='bbox 617 509 789 551; x_wconf 78' lang='lat' dir='ltr'>Marone</span> <span class='ocrx_word' id='word_1_33' title='bbox 814 517 856 552; x_wconf 87' lang='lat' dir='ltr'>et</span> <span class='ocrx_word' id='word_1_34' title='bbox 878 510 1063 565; x_wconf 80' lang='lat' dir='ltr'>antiquis</span> <span class='ocrx_word' id='word_1_35' title='bbox 1086 509 1306 551; x_wconf 76' lang='lat' dir='ltr'>Maronitis</span> <span class='ocrx_word' id='word_1_36' title='bbox 1340 509 1568 551; x_wconf 86' lang='lat' dir='ltr'>tenendum</span> <span class='ocrx_word' id='word_1_37' title='bbox 1588 520 1763 564; x_wconf 86' lang='lat' dir='ltr'>;·neque</span> 
     </span>
     <span class='ocr_line' id='line_1_6' title="bbox 332 580 1764 636; baseline -0.001 -14"><span class='ocrx_word' id='word_1_38' title='bbox 332 592 429 623; x_wconf 90' lang='lat' dir='ltr'>vero</span> <span class='ocrx_word' id='word_1_39' title='bbox 463 592 510 622; x_wconf 90' lang='lat' dir='ltr'>ea</span> <span class='ocrx_word' id='word_1_40' title='bbox 541 580 694 635; x_wconf 88' lang='lat' dir='ltr'>protuli</span> <span class='ocrx_word' id='word_1_41' title='bbox 724 588 769 622; x_wconf 91' lang='lat' dir='ltr'>ut</span> <span class='ocrx_word' id='word_1_42' title='bbox 797 581 979 623; x_wconf 85' lang='lat' dir='ltr'>Maronis</span> <span class='ocrx_word' id='word_1_43' title='bbox 1008 580 1163 636; x_wconf 86' lang='lat' dir='ltr'>scripta</span> <span class='ocrx_word' id='word_1_44' title='bbox 1181 612 1190 630; x_wconf 87' lang='lat'>,</span> <span class='ocrx_word' id='word_1_45' title='bbox 1215 594 1235 622; x_wconf 86' lang='lat' dir='ltr'>a</span> <span class='ocrx_word' id='word_1_46' title='bbox 1261 580 1505 622; x_wconf 86' lang='lat' dir='ltr'>doctissimo</span> <span class='ocrx_word' id='word_1_47' title='bbox 1529 582 1764 622; x_wconf 89' lang='lat' dir='ltr'>Assemano</span> 
     </span>
     <span class='ocr_line' id='line_1_7' title="bbox 332 651 1763 708; baseline 0 -15"><span class='ocrx_word' id='word_1_48' title='bbox 332 659 622 708; x_wconf 81' lang='lat' dir='ltr'>propugnata,</span> <span class='ocrx_word' id='word_1_49' title='bbox 656 659 868 707; x_wconf 75' lang='lat' dir='ltr'>tamquam</span> <span class='ocrx_word' id='word_1_50' title='bbox 907 659 1022 694; x_wconf 87' lang='lat' dir='ltr'>certo</span> <span class='ocrx_word' id='word_1_51' title='bbox 1053 652 1287 708; x_wconf 83' lang='lat' dir='ltr'>apocrypha</span> <span class='ocrx_word' id='word_1_52' title='bbox 1323 652 1572 707; x_wconf 80' lang='lat' dir='ltr'>praedicem3</span> <span class='ocrx_word' id='word_1_53' title='bbox 1618 651 1763 694; x_wconf 87' lang='lat' dir='ltr'>incon-</span> 
     </span>
     <span class='ocr_line' id='line_1_8' title="bbox 330 722 1761 778; baseline 0 -14"><span class='ocrx_word' id='word_1_54' title='bbox 330 735 450 764; x_wconf 88' lang='lat' dir='ltr'>eussa</span> <span class='ocrx_word' id='word_1_55' title='bbox 471 730 611 765; x_wconf 89' lang='lat' dir='ltr'>tamen</span> <span class='ocrx_word' id='word_1_56' title='bbox 639 730 913 778; x_wconf 81' lang='lat' dir='ltr'>argumenta,</span> <span class='ocrx_word' id='word_1_57' title='bbox 937 723 1090 778; x_wconf 87' lang='lat' dir='ltr'>quibus</span> <span class='ocrx_word' id='word_1_58' title='bbox 1119 736 1265 765; x_wconf 89' lang='lat' dir='ltr'>eorum</span> <span class='ocrx_word' id='word_1_59' title='bbox 1303 722 1517 765; x_wconf 70' lang='lat' dir='ltr'>authentia</span> <span class='ocrx_word' id='word_1_60' title='bbox 1546 723 1761 778; x_wconf 78' lang='lat' dir='ltr'>probetur,</span> 
     </span>
     <span class='ocr_line' id='line_1_9' title="bbox 330 792 1765 848; baseline 0.001 -13"><span class='ocrx_word' id='word_1_61' title='bbox 330 792 467 835; x_wconf 89' lang='lat' dir='ltr'>adhuc</span> <span class='ocrx_word' id='word_1_62' title='bbox 499 793 727 835; x_wconf 87' lang='lat' dir='ltr'>desiderari</span> <span class='ocrx_word' id='word_1_63' title='bbox 761 794 938 848; x_wconf 90' lang='lat' dir='ltr'>opinor;</span> <span class='ocrx_word' id='word_1_64' title='bbox 972 807 1055 836; x_wconf 93' lang='lat' dir='ltr'>non</span> <span class='ocrx_word' id='word_1_65' title='bbox 1091 801 1259 836; x_wconf 85' lang='lat' dir='ltr'>exstant</span> <span class='ocrx_word' id='word_1_66' title='bbox 1295 794 1407 835; x_wconf 88' lang='lat' dir='ltr'>enim</span> <span class='ocrx_word' id='word_1_67' title='bbox 1441 793 1520 835; x_wconf 88' lang='lat' dir='ltr'>nisi</span> <span class='ocrx_word' id='word_1_68' title='bbox 1549 793 1591 834; x_wconf 91' lang='lat' dir='ltr'>in</span> <span class='ocrx_word' id='word_1_69' title='bbox 1620 793 1765 836; x_wconf 85' lang='lat' dir='ltr'>codice</span> 
     </span>
     <span class='ocr_line' id='line_1_10' title="bbox 332 865 1764 921; baseline -0.001 -13"><span class='ocrx_word' id='word_1_70' title='bbox 332 879 447 914; x_wconf 84' lang='lat' dir='ltr'>uno,</span> <span class='ocrx_word' id='word_1_71' title='bbox 479 879 591 908; x_wconf 88' lang='lat' dir='ltr'>anno</span> <span class='ocrx_word' id='word_1_72' title='bbox 628 869 746 910; x_wconf 73' lang='lat'>1592</span> <span class='ocrx_word' id='word_1_73' title='bbox 785 872 969 909; x_wconf 84' lang='lat' dir='ltr'>exarato.</span> <span class='ocrx_word' id='word_1_74' title='bbox 1004 866 1164 921; x_wconf 88' lang='lat' dir='ltr'>Hisque</span> <span class='ocrx_word' id='word_1_75' title='bbox 1195 866 1246 908; x_wconf 91' lang='lat' dir='ltr'>de</span> <span class='ocrx_word' id='word_1_76' title='bbox 1283 865 1455 908; x_wconf 85' lang='lat' dir='ltr'>Marone</span> <span class='ocrx_word' id='word_1_77' title='bbox 1493 865 1674 915; x_wconf 85' lang='lat' dir='ltr'>notatis,</span> <span class='ocrx_word' id='word_1_78' title='bbox 1713 865 1764 908; x_wconf 90' lang='lat' dir='ltr'>ad</span> 
     </span>
     <span class='ocr_line' id='line_1_11' title="bbox 330 938 953 994; baseline 0 -14"><span class='ocrx_word' id='word_1_79' title='bbox 330 938 611 994; x_wconf 76' lang='lat' dir='ltr'>Sarugensem</span> <span class='ocrx_word' id='word_1_80' title='bbox 651 938 953 994; x_wconf 80' lang='lat' dir='ltr'>regrediamur.</span> 
     </span>
    </p>

    <p class='ocr_par' dir='ltr' id='par_1_3' title="bbox 330 1007 1763 1137">
     <span class='ocr_line' id='line_1_12' title="bbox 392 1007 1763 1066; baseline -0.002 -14"><span class='ocrx_word' id='word_1_81' title='bbox 392 1008 436 1052; x_wconf 88' lang='lat' dir='ltr'>C.</span> <span class='ocrx_word' id='word_1_82' title='bbox 469 1009 673 1052; x_wconf 82' lang='lat' dir='ltr'>Jacobum</span> <span class='ocrx_word' id='word_1_83' title='bbox 700 1010 980 1066; x_wconf 81' lang='lat' dir='ltr'>Sarngensem</span> <span class='ocrx_word' id='word_1_84' title='bbox 1007 1009 1178 1052; x_wconf 86' lang='lat' dir='ltr'>laudant</span> <span class='ocrx_word' id='word_1_85' title='bbox 1206 1009 1322 1051; x_wconf 78' lang='lat' dir='ltr'>Isaac</span> <span class='ocrx_word' id='word_1_86' title='bbox 1346 1009 1533 1050; x_wconf 78' lang='lat' dir='ltr'>Ninivita</span> <span class='ocrx_word' id='word_1_87' title='bbox 1559 1007 1603 1062; x_wconf 60' lang='grc' dir='ltr'>(Ξ)</span> <span class='ocrx_word' id='word_1_88' title='bbox 1633 1007 1763 1063; x_wconf 87' lang='lat' dir='ltr'>scrip-</span> 
     </span>
     <span class='ocr_line' id='line_1_13' title="bbox 330 1080 1520 1137; baseline 0 -16"><span class='ocrx_word' id='word_1_89' title='bbox 330 1084 398 1121; x_wconf 85' lang='lat' dir='ltr'>tor</span> <span class='ocrx_word' id='word_1_90' title='bbox 424 1081 654 1122; x_wconf 83' lang='lat' dir='ltr'>catholicus</span> <span class='ocrx_word' id='word_1_91' title='bbox 683 1080 753 1135; x_wconf 91' lang='lat' dir='ltr'>qui</span> <span class='ocrx_word' id='word_1_92' title='bbox 782 1080 923 1122; x_wconf 87' lang='lat' dir='ltr'>floruit</span> <span class='ocrx_word' id='word_1_93' title='bbox 950 1081 1102 1123; x_wconf 82' lang='lat' dir='ltr'>saeculo</span> <span class='ocrx_word' id='word_1_94' title='bbox 1128 1080 1180 1122; x_wconf 89' lang='lat' dir='ltr'>VI</span> <span class='ocrx_word' id='word_1_95' title='bbox 1219 1087 1416 1137; x_wconf 82' lang='lat' dir='ltr'>vergente</span> <span class='ocrx_word' id='word_1_96' title='bbox 1435 1112 1444 1129; x_wconf 83' lang='lat'>‚</span> <span class='ocrx_word' id='word_1_97' title='bbox 1478 1086 1520 1121; x_wconf 87' lang='lat' dir='ltr'>et</span> 
     </span>
    </p>

    <p class='ocr_par' dir='ltr' id='par_1_4' title="bbox 391 1150 1763 1207">
     <span class='ocr_line' id='line_1_14' title="bbox 391 1150 1763 1207; baseline -0.001 -14"><span class='ocrx_word' id='word_1_98' title='bbox 391 1152 440 1193; x_wconf 81' lang='lat' dir='ltr'>D.</span> <span class='ocrx_word' id='word_1_99' title='bbox 480 1153 711 1195; x_wconf 77' lang='lat' dir='ltr'>Timotheus</span> <span class='ocrx_word' id='word_1_100' title='bbox 755 1154 1264 1205; x_wconf 76' lang='lat' dir='ltr'>constantinopolitanus,</span> <span class='ocrx_word' id='word_1_101' title='bbox 1307 1164 1433 1207; x_wconf 85' lang='lat' dir='ltr'>supra</span> <span class='ocrx_word' id='word_1_102' title='bbox 1474 1150 1667 1193; x_wconf 88' lang='lat' dir='ltr'>laudatus</span> <span class='ocrx_word' id='word_1_103' title='bbox 1702 1150 1763 1206; x_wconf 82' lang='lat'>(3).</span> 
     </span>
    </p>

    <p class='ocr_par' dir='ltr' id='par_1_5' title="bbox 331 1223 1766 1495">
     <span class='ocr_line' id='line_1_15' title="bbox 391 1223 1766 1282; baseline -0.001 -15"><span class='ocrx_word' id='word_1_104' title='bbox 391 1225 550 1268; x_wconf 80' lang='lat' dir='ltr'>Praeter</span> <span class='ocrx_word' id='word_1_105' title='bbox 594 1226 698 1269; x_wconf 87' lang='lat' dir='ltr'>istos</span> <span class='ocrx_word' id='word_1_106' title='bbox 749 1227 975 1282; x_wconf 86' lang='lat' dir='ltr'>scriptores</span> <span class='ocrx_word' id='word_1_107' title='bbox 1014 1226 1266 1275; x_wconf 85' lang='lat' dir='ltr'>catholicos,</span> <span class='ocrx_word' id='word_1_108' title='bbox 1305 1237 1484 1280; x_wconf 88' lang='lat' dir='ltr'>quorum</span> <span class='ocrx_word' id='word_1_109' title='bbox 1523 1223 1766 1266; x_wconf 88' lang='lat' dir='ltr'>testimonio</span> 
     </span>
     <span class='ocr_line' id='line_1_16' title="bbox 331 1295 1764 1354; baseline -0.001 -16"><span class='ocrx_word' id='word_1_110' title='bbox 331 1296 582 1353; x_wconf 80' lang='lat' dir='ltr'>Sarugensis</span> <span class='ocrx_word' id='word_1_111' title='bbox 607 1298 857 1341; x_wconf 79' lang='lat' dir='ltr'>orthodoxia</span> <span class='ocrx_word' id='word_1_112' title='bbox 879 1298 1093 1354; x_wconf 81' lang='lat' dir='ltr'>probatur,</span> <span class='ocrx_word' id='word_1_113' title='bbox 1118 1297 1317 1353; x_wconf 79' lang='lat' dir='ltr'>appellari</span> <span class='ocrx_word' id='word_1_114' title='bbox 1337 1297 1462 1338; x_wconf 84' lang='lat' dir='ltr'>etiam</span> <span class='ocrx_word' id='word_1_115' title='bbox 1492 1303 1633 1351; x_wconf 89' lang='lat' dir='ltr'>posset</span> <span class='ocrx_word' id='word_1_116' title='bbox 1658 1295 1764 1337; x_wconf 89' lang='lat' dir='ltr'>inte-</span> 
     </span>
     <span class='ocr_line' id='line_1_17' title="bbox 331 1367 1766 1426; baseline -0.001 -17"><span class='ocrx_word' id='word_1_117' title='bbox 331 1381 404 1424; x_wconf 79' lang='lat' dir='ltr'>gra</span> <span class='ocrx_word' id='word_1_118' title='bbox 434 1369 734 1411; x_wconf 85' lang='lat' dir='ltr'>Maronitarum</span> <span class='ocrx_word' id='word_1_119' title='bbox 763 1382 891 1426; x_wconf 81' lang='lat' dir='ltr'>gens,</span> <span class='ocrx_word' id='word_1_120' title='bbox 923 1370 1033 1411; x_wconf 88' lang='lat' dir='ltr'>inter</span> <span class='ocrx_word' id='word_1_121' title='bbox 1065 1368 1211 1411; x_wconf 89' lang='lat' dir='ltr'>Libani</span> <span class='ocrx_word' id='word_1_122' title='bbox 1234 1368 1332 1424; x_wconf 78' lang='lat' dir='ltr'>juga</span> <span class='ocrx_word' id='word_1_123' title='bbox 1362 1368 1577 1423; x_wconf 89' lang='lat' dir='ltr'>dispersa,</span> <span class='ocrx_word' id='word_1_124' title='bbox 1611 1367 1766 1422; x_wconf 89' lang='lat' dir='ltr'>quippe</span> 
     </span>
     <span class='ocr_line' id='line_1_18' title="bbox 333 1436 1766 1495; baseline -0.002 -14"><span class='ocrx_word' id='word_1_125' title='bbox 333 1452 426 1494; x_wconf 87' lang='lat' dir='ltr'>quae</span> <span class='ocrx_word' id='word_1_126' title='bbox 445 1452 540 1482; x_wconf 89' lang='lat' dir='ltr'>eum</span> <span class='ocrx_word' id='word_1_127' title='bbox 561 1440 688 1483; x_wconf 84' lang='lat' dir='ltr'>veluti</span> <span class='ocrx_word' id='word_1_128' title='bbox 713 1440 930 1483; x_wconf 87' lang='lat' dir='ltr'>doctorem</span> <span class='ocrx_word' id='word_1_129' title='bbox 952 1453 1075 1482; x_wconf 89' lang='lat' dir='ltr'>suum</span> <span class='ocrx_word' id='word_1_130' title='bbox 1098 1439 1355 1495; x_wconf 82' lang='lat' dir='ltr'>praecipuum</span> <span class='ocrx_word' id='word_1_131' title='bbox 1381 1438 1422 1480; x_wconf 89' lang='lat' dir='ltr'>in</span> <span class='ocrx_word' id='word_1_132' title='bbox 1446 1438 1598 1480; x_wconf 89' lang='lat' dir='ltr'>divinis</span> <span class='ocrx_word' id='word_1_133' title='bbox 1617 1436 1766 1479; x_wconf 84' lang='lat' dir='ltr'>officiis</span> 
     </span>
    </p>
   </div>
   <div class='ocr_carea' id='block_1_3' title="bbox 330 1587 1774 2720">
    <p class='ocr_par' dir='ltr' id='par_1_6' title="bbox 330 1587 1770 2089">
     <span class='ocr_line' id='line_1_19' title="bbox 334 1587 1767 1629; baseline 0 -11"><span class='ocrx_word' id='word_1_134' title='bbox 334 1600 350 1618; x_wconf 88' lang='lat'>«</span> <span class='ocrx_word' id='word_1_135' title='bbox 380 1597 569 1629; x_wconf 83' lang='lat' dir='ltr'>personam.</span> <span class='ocrx_word' id='word_1_136' title='bbox 597 1590 716 1623; x_wconf 75' lang='lat' dir='ltr'>incolae</span> <span class='ocrx_word' id='word_1_137' title='bbox 743 1590 836 1623; x_wconf 86' lang='lat' dir='ltr'>urbis</span> <span class='ocrx_word' id='word_1_138' title='bbox 867 1591 1028 1627; x_wconf 85' lang='lat' dir='ltr'>Hamath,</span> <span class='ocrx_word' id='word_1_139' title='bbox 1056 1589 1266 1622; x_wconf 85' lang='lat' dir='ltr'>Kennaserin</span> <span class='ocrx_word' id='word_1_140' title='bbox 1290 1593 1324 1621; x_wconf 85' lang='lat' dir='ltr'>et</span> <span class='ocrx_word' id='word_1_141' title='bbox 1341 1588 1483 1620; x_wconf 83' lang='lat' dir='ltr'>Awasim</span> <span class='ocrx_word' id='word_1_142' title='bbox 1502 1613 1509 1626; x_wconf 91' lang='lat'>‚</span> <span class='ocrx_word' id='word_1_143' title='bbox 1528 1587 1696 1629; x_wconf 87' lang='lat' dir='ltr'>multique</span> <span class='ocrx_word' id='word_1_144' title='bbox 1726 1596 1767 1619; x_wconf 76' lang='lat' dir='ltr'>ex</span> 
     </span>
     <span class='ocr_line' id='line_1_20' title="bbox 333 1644 1767 1687; baseline 0 -13"><span class='ocrx_word' id='word_1_145' title='bbox 333 1655 350 1675; x_wconf 90' lang='lat'>«</span> <span class='ocrx_word' id='word_1_146' title='bbox 378 1647 495 1686; x_wconf 63' lang='lat' dir='ltr'>graecis</span> <span class='ocrx_word' id='word_1_147' title='bbox 523 1647 552 1678; x_wconf 93' lang='lat' dir='ltr'>ei</span> <span class='ocrx_word' id='word_1_148' title='bbox 578 1647 820 1683; x_wconf 67' lang='lat' dir='ltr'>adhaerebant;</span> <span class='ocrx_word' id='word_1_149' title='bbox 847 1652 880 1679; x_wconf 90' lang='lat' dir='ltr'>et</span> <span class='ocrx_word' id='word_1_150' title='bbox 902 1648 959 1687; x_wconf 86' lang='lat' dir='ltr'>qni</span> <span class='ocrx_word' id='word_1_151' title='bbox 988 1647 1175 1678; x_wconf 85' lang='lat' dir='ltr'>doctrinam</span> <span class='ocrx_word' id='word_1_152' title='bbox 1202 1646 1274 1686; x_wconf 83' lang='lat' dir='ltr'>ejus</span> <span class='ocrx_word' id='word_1_153' title='bbox 1298 1645 1515 1686; x_wconf 82' lang='lat' dir='ltr'>profitentur,</span> <span class='ocrx_word' id='word_1_154' title='bbox 1541 1644 1632 1685; x_wconf 83' lang='lat' dir='ltr'>apud</span> <span class='ocrx_word' id='word_1_155' title='bbox 1658 1644 1767 1675; x_wconf 90' lang='lat' dir='ltr'>chris—</span> 
     </span>
     <span class='ocr_line' id='line_1_21' title="bbox 333 1701 1768 1740; baseline 0 -9"><span class='ocrx_word' id='word_1_156' title='bbox 333 1711 351 1731; x_wconf 90' lang='lat'>«</span> <span class='ocrx_word' id='word_1_157' title='bbox 379 1702 486 1733; x_wconf 84' lang='lat' dir='ltr'>tianos</span> <span class='ocrx_word' id='word_1_158' title='bbox 511 1702 694 1734; x_wconf 72' lang='lat' dir='ltr'>Maronitae</span> <span class='ocrx_word' id='word_1_159' title='bbox 719 1708 891 1734; x_wconf 82' lang='lat' dir='ltr'>vocantur.</span> <span class='ocrx_word' id='word_1_160' title='bbox 921 1704 1055 1734; x_wconf 85' lang='lat' dir='ltr'>Marone</span> <span class='ocrx_word' id='word_1_161' title='bbox 1081 1708 1214 1734; x_wconf 87' lang='lat' dir='ltr'>mortuo</span> <span class='ocrx_word' id='word_1_162' title='bbox 1229 1727 1237 1739; x_wconf 90' lang='lat'><em>‚</em></span> <span class='ocrx_word' id='word_1_163' title='bbox 1260 1702 1324 1733; x_wconf 86' lang='lat' dir='ltr'>sub</span> <span class='ocrx_word' id='word_1_164' title='bbox 1344 1701 1482 1732; x_wconf 85' lang='lat' dir='ltr'>nomine</span> <span class='ocrx_word' id='word_1_165' title='bbox 1504 1701 1579 1740; x_wconf 78' lang='lat' dir='ltr'>eJus</span> <span class='ocrx_word' id='word_1_166' title='bbox 1598 1704 1768 1731; x_wconf 84' lang='lat' dir='ltr'>monaste-</span> 
     </span>
     <span class='ocr_line' id='line_1_22' title="bbox 333 1758 1767 1798; baseline 0 -9"><span class='ocrx_word' id='word_1_167' title='bbox 333 1769 352 1789; x_wconf 86' lang='lat'>«</span> <span class='ocrx_word' id='word_1_168' title='bbox 377 1759 465 1790; x_wconf 89' lang='lat' dir='ltr'>rium</span> <span class='ocrx_word' id='word_1_169' title='bbox 492 1761 636 1792; x_wconf 83' lang='lat' dir='ltr'>Maronis</span> <span class='ocrx_word' id='word_1_170' title='bbox 665 1762 698 1792; x_wconf 91' lang='lat' dir='ltr'>in</span> <span class='ocrx_word' id='word_1_171' title='bbox 730 1761 814 1792; x_wconf 89' lang='lat' dir='ltr'>urbe</span> <span class='ocrx_word' id='word_1_172' title='bbox 844 1761 985 1792; x_wconf 84' lang='lat' dir='ltr'>Hamath</span> <span class='ocrx_word' id='word_1_173' title='bbox 1006 1760 1208 1791; x_wconf 81' lang='lat' dir='ltr'>aedificatum</span> <span class='ocrx_word' id='word_1_174' title='bbox 1242 1763 1334 1791; x_wconf 87' lang='lat' dir='ltr'>est.»</span> <span class='ocrx_word' id='word_1_175' title='bbox 1352 1776 1396 1781; x_wconf 89' lang='lat'>—</span> <span class='ocrx_word' id='word_1_176' title='bbox 1416 1760 1535 1794; x_wconf 82' lang='lat' dir='ltr'>Porro,</span> <span class='ocrx_word' id='word_1_177' title='bbox 1555 1758 1650 1798; x_wconf 79' lang='lat' dir='ltr'>juxta</span> <span class='ocrx_word' id='word_1_178' title='bbox 1669 1759 1767 1789; x_wconf 87' lang='lat' dir='ltr'>Asse-</span> 
     </span>
     <span class='ocr_line' id='line_1_23' title="bbox 332 1816 1768 1856; baseline -0.001 -9"><span class='ocrx_word' id='word_1_179' title='bbox 332 1825 469 1848; x_wconf 84' lang='lat' dir='ltr'>manum</span> <span class='ocrx_word' id='word_1_180' title='bbox 483 1840 491 1854; x_wconf 91' lang='lat'>‚</span> <span class='ocrx_word' id='word_1_181' title='bbox 508 1819 749 1850; x_wconf 84' lang='lat' dir='ltr'>monasterium</span> <span class='ocrx_word' id='word_1_182' title='bbox 770 1819 801 1850; x_wconf 65' lang='lat' dir='ltr'>S,</span> <span class='ocrx_word' id='word_1_183' title='bbox 824 1818 968 1849; x_wconf 83' lang='lat' dir='ltr'>Maronis</span> <span class='ocrx_word' id='word_1_184' title='bbox 983 1819 1085 1849; x_wconf 86' lang='lat' dir='ltr'>situm</span> <span class='ocrx_word' id='word_1_185' title='bbox 1102 1822 1174 1849; x_wconf 85' lang='lat' dir='ltr'>erat</span> <span class='ocrx_word' id='word_1_186' title='bbox 1188 1817 1228 1848; x_wconf 81' lang='lat' dir='ltr'>ad</span> <span class='ocrx_word' id='word_1_187' title='bbox 1246 1817 1406 1848; x_wconf 89' lang='lat' dir='ltr'>Orontem</span> <span class='ocrx_word' id='word_1_188' title='bbox 1422 1816 1572 1851; x_wconf 80' lang='lat' dir='ltr'>fluvium,</span> <span class='ocrx_word' id='word_1_189' title='bbox 1588 1817 1768 1856; x_wconf 84' lang='lat' dir='ltr'>Apameam</span> 
     </span>
     <span class='ocr_line' id='line_1_24' title="bbox 330 1877 1770 1920; baseline -0.001 -12"><span class='ocrx_word' id='word_1_190' title='bbox 330 1877 421 1910; x_wconf 89' lang='lat' dir='ltr'>inter</span> <span class='ocrx_word' id='word_1_191' title='bbox 446 1884 479 1910; x_wconf 87' lang='lat' dir='ltr'>et</span> <span class='ocrx_word' id='word_1_192' title='bbox 511 1879 686 1917; x_wconf 61' lang='lat' dir='ltr'>Emesam</span> <span class='ocrx_word' id='word_1_193' title='bbox 722 1880 914 1916; x_wconf 63' lang='lat' dir='ltr'>Matremne,</span> <span class='ocrx_word' id='word_1_194' title='bbox 943 1885 1041 1911; x_wconf 87' lang='lat' dir='ltr'>antea</span> <span class='ocrx_word' id='word_1_195' title='bbox 1078 1878 1261 1911; x_wconf 65' lang='lat' dir='ltr'>Mar-‹lailoe</span> <span class='ocrx_word' id='word_1_196' title='bbox 1298 1879 1339 1916; x_wconf 85' lang='lat' dir='ltr'>(a</span> <span class='ocrx_word' id='word_1_197' title='bbox 1365 1879 1489 1920; x_wconf 46' lang='lat'>252),</span> <span class='ocrx_word' id='word_1_198' title='bbox 1516 1877 1547 1907; x_wconf 89' lang='lat' dir='ltr'>id</span> <span class='ocrx_word' id='word_1_199' title='bbox 1566 1881 1616 1908; x_wconf 88' lang='lat' dir='ltr'>est</span> <span class='ocrx_word' id='word_1_200' title='bbox 1633 1877 1770 1908; x_wconf 80' lang='lat' dir='ltr'>rebelles</span> 
     </span>
     <span class='ocr_line' id='line_1_25' title="bbox 332 1934 1770 1976; baseline 0 -11"><span class='ocrx_word' id='word_1_201' title='bbox 332 1935 510 1975; x_wconf 82' lang='lat' dir='ltr'>appellati,</span> <span class='ocrx_word' id='word_1_202' title='bbox 527 1944 647 1967; x_wconf 89' lang='lat' dir='ltr'>nomen</span> <span class='ocrx_word' id='word_1_203' title='bbox 665 1945 762 1967; x_wconf 88' lang='lat' dir='ltr'>sunm</span> <span class='ocrx_word' id='word_1_204' title='bbox 781 1942 892 1976; x_wconf 82' lang='lat' dir='ltr'>postea</span> <span class='ocrx_word' id='word_1_205' title='bbox 907 1936 1087 1968; x_wconf 79' lang='lat' dir='ltr'>habuerint</span> <span class='ocrx_word' id='word_1_206' title='bbox 1100 1937 1142 1966; x_wconf 86' lang='lat' dir='ltr'>ab</span> <span class='ocrx_word' id='word_1_207' title='bbox 1157 1937 1230 1976; x_wconf 82' lang='lat' dir='ltr'>ipso</span> <span class='ocrx_word' id='word_1_208' title='bbox 1244 1936 1277 1966; x_wconf 84' lang='lat' dir='ltr'>S.</span> <span class='ocrx_word' id='word_1_209' title='bbox 1290 1936 1436 1973; x_wconf 84' lang='lat' dir='ltr'>Marone,</span> <span class='ocrx_word' id='word_1_210' title='bbox 1450 1934 1572 1974; x_wconf 83' lang='lat' dir='ltr'>aequali</span> <span class='ocrx_word' id='word_1_211' title='bbox 1587 1934 1619 1965; x_wconf 88' lang='lat' dir='ltr'>S.</span> <span class='ocrx_word' id='word_1_212' title='bbox 1634 1934 1770 1966; x_wconf 84' lang='lat' dir='ltr'>Joannis</span> 
     </span>
     <span class='ocr_line' id='line_1_26' title="bbox 332 1992 1769 2033; baseline -0.001 -10"><span class='ocrx_word' id='word_1_213' title='bbox 332 1992 559 2033; x_wconf 72' lang='lat' dir='ltr'>chrysostomi</span> <span class='ocrx_word' id='word_1_214' title='bbox 575 2017 582 2027; x_wconf 81' lang='grc'>,</span> <span class='ocrx_word' id='word_1_215' title='bbox 600 1994 656 2033; x_wconf 90' lang='lat' dir='ltr'>qni</span> <span class='ocrx_word' id='word_1_216' title='bbox 671 1994 710 2025; x_wconf 86' lang='lat' dir='ltr'>ad</span> <span class='ocrx_word' id='word_1_217' title='bbox 727 1994 837 2033; x_wconf 81' lang='lat' dir='ltr'>ipsum</span> <span class='ocrx_word' id='word_1_218' title='bbox 852 1993 945 2025; x_wconf 86' lang='lat' dir='ltr'>dedit</span> <span class='ocrx_word' id='word_1_219' title='bbox 960 1993 1150 2033; x_wconf 80' lang='lat' dir='ltr'>epistolam.</span> <span class='ocrx_word' id='word_1_220' title='bbox 1166 2010 1210 2016; x_wconf 89' lang='lat'>—</span> <span class='ocrx_word' id='word_1_221' title='bbox 1227 1992 1293 2024; x_wconf 82' lang='lat' dir='ltr'>Csr.</span> <span class='ocrx_word' id='word_1_222' title='bbox 1310 1993 1405 2033; x_wconf 77' lang='lat' dir='ltr'>Pagi.</span> <span class='ocrx_word' id='word_1_223' title='bbox 1422 1992 1544 2024; x_wconf 83' lang='lat' dir='ltr'>critica</span> <span class='ocrx_word' id='word_1_224' title='bbox 1558 1992 1642 2023; x_wconf 84' lang='lat' dir='ltr'>ada.</span> <span class='ocrx_word' id='word_1_225' title='bbox 1659 1992 1769 2029; x_wconf 70' lang='lat'>118-2;</span> 
     </span>
     <span class='ocr_line' id='line_1_27' title="bbox 334 2048 1721 2089; baseline -0.001 -9"><span class='ocrx_word' id='word_1_226' title='bbox 334 2049 376 2080; x_wconf 86' lang='lat' dir='ltr'>Le</span> <span class='ocrx_word' id='word_1_227' title='bbox 395 2050 513 2088; x_wconf 82' lang='lat' dir='ltr'>Qnien,</span> <span class='ocrx_word' id='word_1_228' title='bbox 540 2048 663 2081; x_wconf 67' lang='lat' dir='ltr'>Oriens</span> <span class='ocrx_word' id='word_1_229' title='bbox 688 2050 807 2081; x_wconf 75' lang='lat' dir='ltr'>christ.</span> <span class='ocrx_word' id='word_1_230' title='bbox 830 2055 909 2082; x_wconf 86' lang='lat' dir='ltr'>tom.</span> <span class='ocrx_word' id='word_1_231' title='bbox 938 2050 990 2087; x_wconf 77' lang='grc' dir='ltr'>ΙΙΙ,</span> <span class='ocrx_word' id='word_1_232' title='bbox 1019 2049 1170 2081; x_wconf 80' lang='lat' dir='ltr'>Ecclesia</span> <span class='ocrx_word' id='word_1_233' title='bbox 1195 2049 1467 2086; x_wconf 71' lang='lat' dir='ltr'>lilarom&#39;tarmn,</span> <span class='ocrx_word' id='word_1_234' title='bbox 1491 2049 1568 2080; x_wconf 82' lang='lat' dir='ltr'>coll.</span> <span class='ocrx_word' id='word_1_235' title='bbox 1592 2051 1604 2080; x_wconf 84' lang='lat'>1</span> <span class='ocrx_word' id='word_1_236' title='bbox 1627 2058 1721 2089; x_wconf 86' lang='lat' dir='ltr'>seqq.</span> 
     </span>
    </p>

    <p class='ocr_par' dir='ltr' id='par_1_7' title="bbox 331 2105 1768 2206">
     <span class='ocr_line' id='line_1_28' title="bbox 379 2105 1768 2148; baseline 0 -12"><span class='ocrx_word' id='word_1_237' title='bbox 379 2108 419 2146; x_wconf 78' lang='lat' dir='ltr'>(i)</span> <span class='ocrx_word' id='word_1_238' title='bbox 451 2107 577 2139; x_wconf 87' lang='lat' dir='ltr'>Videsis</span> <span class='ocrx_word' id='word_1_239' title='bbox 600 2108 697 2138; x_wconf 82' lang='lat' dir='ltr'>initia</span> <span class='ocrx_word' id='word_1_240' title='bbox 722 2113 755 2138; x_wconf 88' lang='lat' dir='ltr'>et</span> <span class='ocrx_word' id='word_1_241' title='bbox 782 2116 980 2148; x_wconf 82' lang='lat' dir='ltr'>progressus</span> <span class='ocrx_word' id='word_1_242' title='bbox 1017 2107 1270 2139; x_wconf 88' lang='lat' dir='ltr'>monothelismi</span> <span class='ocrx_word' id='word_1_243' title='bbox 1294 2115 1333 2138; x_wconf 82' lang='lat' dir='ltr'>ex</span> <span class='ocrx_word' id='word_1_244' title='bbox 1365 2107 1447 2148; x_wconf 84' lang='lat' dir='ltr'>ipsis</span> <span class='ocrx_word' id='word_1_245' title='bbox 1472 2106 1624 2137; x_wconf 82' lang='lat' dir='ltr'>fontibus</span> <span class='ocrx_word' id='word_1_246' title='bbox 1648 2105 1768 2138; x_wconf 87' lang='lat' dir='ltr'>sedulo</span> 
     </span>
     <span class='ocr_line' id='line_1_29' title="bbox 331 2162 1568 2206; baseline 0 -12"><span class='ocrx_word' id='word_1_247' title='bbox 331 2163 500 2204; x_wconf 82' lang='lat' dir='ltr'>descripta</span> <span class='ocrx_word' id='word_1_248' title='bbox 523 2164 613 2204; x_wconf 84' lang='lat' dir='ltr'>apud</span> <span class='ocrx_word' id='word_1_249' title='bbox 641 2163 778 2201; x_wconf 82' lang='lat' dir='ltr'>Hcsele‚</span> <span class='ocrx_word' id='word_1_250' title='bbox 801 2162 1191 2206; x_wconf 68' lang='lat' dir='ltr'>concilienyeschichte‚</span> <span class='ocrx_word' id='word_1_251' title='bbox 1209 2164 1275 2202; x_wconf 85' lang='lat'>111,</span> <span class='ocrx_word' id='word_1_252' title='bbox 1296 2172 1368 2204; x_wconf 81' lang='lat' dir='ltr'>pag.</span> <span class='ocrx_word' id='word_1_253' title='bbox 1392 2163 1456 2195; x_wconf 76' lang='lat' dir='ltr'>tio</span> <span class='ocrx_word' id='word_1_254' title='bbox 1474 2171 1568 2202; x_wconf 83' lang='lat' dir='ltr'>seqq.</span> 
     </span>
    </p>

    <p class='ocr_par' dir='ltr' id='par_1_8' title="bbox 381 2219 954 2260">
     <span class='ocr_line' id='line_1_30' title="bbox 381 2219 954 2260; baseline 0.002 -11"><span class='ocrx_word' id='word_1_255' title='bbox 381 2220 422 2257; x_wconf 67' lang='lat' dir='ltr'>(a)</span> <span class='ocrx_word' id='word_1_256' title='bbox 452 2220 484 2250; x_wconf 88' lang='lat' dir='ltr'>B.</span> <span class='ocrx_word' id='word_1_257' title='bbox 512 2220 548 2251; x_wconf 93' lang='grc' dir='ltr'>Ο.</span> <span class='ocrx_word' id='word_1_258' title='bbox 575 2219 607 2257; x_wconf 91' lang='grc' dir='ltr'>Ι,</span> <span class='ocrx_word' id='word_1_259' title='bbox 637 2229 694 2260; x_wconf 90' lang='lat' dir='ltr'>pp.</span> <span class='ocrx_word' id='word_1_260' title='bbox 721 2220 780 2250; x_wconf 66' lang='lat'>29¹</span> <span class='ocrx_word' id='word_1_261' title='bbox 814 2225 847 2251; x_wconf 87' lang='lat' dir='ltr'>et</span> <span class='ocrx_word' id='word_1_262' title='bbox 874 2219 954 2251; x_wconf 72' lang='lat'>452.</span> 
     </span>
    </p>

    <p class='ocr_par' dir='ltr' id='par_1_9' title="bbox 331 2275 1774 2720">
     <span class='ocr_line' id='line_1_31' title="bbox 379 2275 1769 2318; baseline -0.001 -11"><span class='ocrx_word' id='word_1_263' title='bbox 379 2279 420 2316; x_wconf 74' lang='lat' dir='ltr'>(s)</span> <span class='ocrx_word' id='word_1_264' title='bbox 447 2277 574 2309; x_wconf 85' lang='lat' dir='ltr'>Videsis</span> <span class='ocrx_word' id='word_1_265' title='bbox 598 2278 672 2317; x_wconf 80' lang='lat' dir='ltr'>ejus</span> <span class='ocrx_word' id='word_1_266' title='bbox 695 2278 928 2309; x_wconf 80' lang='lat' dir='ltr'>testimoninm</span> <span class='ocrx_word' id='word_1_267' title='bbox 953 2286 1027 2318; x_wconf 82' lang='lat' dir='ltr'>pag.</span> <span class='ocrx_word' id='word_1_268' title='bbox 1061 2278 1193 2309; x_wconf 82' lang='lat'>158.-</span> <span class='ocrx_word' id='word_1_269' title='bbox 1215 2277 1310 2309; x_wconf 86' lang='lat' dir='ltr'>Hunc</span> <span class='ocrx_word' id='word_1_270' title='bbox 1324 2276 1448 2308; x_wconf 83' lang='lat' dir='ltr'>Jacobo</span> <span class='ocrx_word' id='word_1_271' title='bbox 1467 2275 1650 2315; x_wconf 84' lang='lat' dir='ltr'>Sarugensi</span> <span class='ocrx_word' id='word_1_272' title='bbox 1669 2278 1769 2306; x_wconf 65' lang='lat' dir='ltr'>{etate</span> 
     </span>
     <span class='ocr_line' id='line_1_32' title="bbox 331 2332 1770 2375; baseline -0.001 -12"><span class='ocrx_word' id='word_1_273' title='bbox 331 2334 496 2373; x_wconf 75' lang='lat' dir='ltr'>aequatem</span> <span class='ocrx_word' id='word_1_274' title='bbox 526 2334 620 2375; x_wconf 87' lang='lat' dir='ltr'>ponit</span> <span class='ocrx_word' id='word_1_275' title='bbox 644 2335 867 2372; x_wconf 72' lang='lat' dir='ltr'>Assemanns:,</span> <span class='ocrx_word' id='word_1_276' title='bbox 897 2343 1013 2365; x_wconf 88' lang='lat' dir='ltr'>verum</span> <span class='ocrx_word' id='word_1_277' title='bbox 1030 2358 1038 2371; x_wconf 90' lang='lat'><strong>‚</strong></span> <span class='ocrx_word' id='word_1_278' title='bbox 1061 2338 1098 2364; x_wconf 89' lang='lat' dir='ltr'>ut</span> <span class='ocrx_word' id='word_1_279' title='bbox 1125 2334 1209 2365; x_wconf 89' lang='lat' dir='ltr'>scite</span> <span class='ocrx_word' id='word_1_280' title='bbox 1236 2337 1350 2364; x_wconf 84' lang='lat' dir='ltr'>monet</span> <span class='ocrx_word' id='word_1_281' title='bbox 1367 2333 1402 2364; x_wconf 86' lang='lat' dir='ltr'>R.</span> <span class='ocrx_word' id='word_1_282' title='bbox 1422 2333 1453 2363; x_wconf 84' lang='lat' dir='ltr'>P.</span> <span class='ocrx_word' id='word_1_283' title='bbox 1474 2333 1627 2372; x_wconf 81' lang='lat' dir='ltr'>Matagne</span> <span class='ocrx_word' id='word_1_284' title='bbox 1646 2341 1664 2362; x_wconf 78' lang='lat' dir='ltr'>(t</span> <span class='ocrx_word' id='word_1_285' title='bbox 1680 2332 1770 2363; x_wconf 86' lang='lat' dir='ltr'>diffi-</span> 
     </span>
     <span class='ocr_line' id='line_1_33' title="bbox 334 2389 1767 2434; baseline -0.001 -12"><span class='ocrx_word' id='word_1_286' title='bbox 334 2403 351 2422; x_wconf 87' lang='lat'>«</span> <span class='ocrx_word' id='word_1_287' title='bbox 378 2393 451 2424; x_wconf 84' lang='lat' dir='ltr'>cilis</span> <span class='ocrx_word' id='word_1_288' title='bbox 476 2402 578 2434; x_wconf 83' lang='lat' dir='ltr'>opera</span> <span class='ocrx_word' id='word_1_289' title='bbox 605 2399 679 2431; x_wconf 86' lang='lat' dir='ltr'>est,</span> <span class='ocrx_word' id='word_1_290' title='bbox 705 2398 839 2425; x_wconf 66' lang='lat' dir='ltr'>aetatem</span> <span class='ocrx_word' id='word_1_291' title='bbox 867 2393 945 2425; x_wconf 85' lang='lat' dir='ltr'>libri</span> <span class='ocrx_word' id='word_1_292' title='bbox 972 2393 1013 2432; x_wconf 88' lang='lat' dir='ltr'>(a</span> <span class='ocrx_word' id='word_1_293' title='bbox 1040 2392 1217 2424; x_wconf 88' lang='lat' dir='ltr'>Timotheo</span> <span class='ocrx_word' id='word_1_294' title='bbox 1243 2391 1446 2430; x_wconf 83' lang='lat' dir='ltr'>compositi)</span> <span class='ocrx_word' id='word_1_295' title='bbox 1477 2390 1643 2427; x_wconf 82' lang='lat' dir='ltr'>definire,</span> <span class='ocrx_word' id='word_1_296' title='bbox 1683 2389 1739 2430; x_wconf 91' lang='lat' dir='ltr'>qui</span> <span class='ocrx_word' id='word_1_297' title='bbox 1758 2413 1767 2426; x_wconf 84' lang='lat'>‚</span> 
     </span>
     <span class='ocr_line' id='line_1_34' title="bbox 335 2448 1770 2490; baseline -0.001 -11"><span class='ocrx_word' id='word_1_298' title='bbox 335 2460 351 2479; x_wconf 85' lang='lat'>«</span> <span class='ocrx_word' id='word_1_299' title='bbox 382 2459 440 2490; x_wconf 80' lang='lat' dir='ltr'>pro</span> <span class='ocrx_word' id='word_1_300' title='bbox 461 2451 628 2483; x_wconf 84' lang='lat' dir='ltr'>librorum</span> <span class='ocrx_word' id='word_1_301' title='bbox 652 2452 828 2483; x_wconf 86' lang='lat' dir='ltr'>ritnaiium</span> <span class='ocrx_word' id='word_1_302' title='bbox 846 2456 956 2488; x_wconf 83' lang='lat' dir='ltr'>sorte,</span> <span class='ocrx_word' id='word_1_303' title='bbox 976 2459 993 2482; x_wconf 83' lang='lat' dir='ltr'>a</span> <span class='ocrx_word' id='word_1_304' title='bbox 1013 2450 1113 2481; x_wconf 86' lang='lat' dir='ltr'>variis</span> <span class='ocrx_word' id='word_1_305' title='bbox 1129 2449 1169 2480; x_wconf 83' lang='lat' dir='ltr'>ad</span> <span class='ocrx_word' id='word_1_306' title='bbox 1190 2455 1382 2489; x_wconf 88' lang='lat' dir='ltr'>temporum</span> <span class='ocrx_word' id='word_1_307' title='bbox 1403 2448 1620 2480; x_wconf 80' lang='lat' dir='ltr'>necessitates</span> <span class='ocrx_word' id='word_1_308' title='bbox 1650 2452 1770 2478; x_wconf 84' lang='lat' dir='ltr'>auctus</span> 
     </span>
     <span class='ocr_line' id='line_1_35' title="bbox 334 2502 1770 2548; baseline -0.003 -11"><span class='ocrx_word' id='word_1_309' title='bbox 334 2516 350 2536; x_wconf 77' lang='lat' dir='ltr'>t(</span> <span class='ocrx_word' id='word_1_310' title='bbox 378 2511 439 2538; x_wconf 84' lang='lat' dir='ltr'>est.</span> <span class='ocrx_word' id='word_1_311' title='bbox 462 2507 581 2538; x_wconf 84' lang='lat' dir='ltr'>Omnia</span> <span class='ocrx_word' id='word_1_312' title='bbox 606 2507 665 2538; x_wconf 84' lang='lat' dir='ltr'>iila</span> <span class='ocrx_word' id='word_1_313' title='bbox 688 2508 797 2548; x_wconf 78' lang='lat' dir='ltr'>capita</span> <span class='ocrx_word' id='word_1_314' title='bbox 819 2516 894 2547; x_wconf 80' lang='lat' dir='ltr'>qnae</span> <span class='ocrx_word' id='word_1_315' title='bbox 912 2515 979 2538; x_wconf 88' lang='lat' dir='ltr'>uno</span> <span class='ocrx_word' id='word_1_316' title='bbox 1003 2506 1102 2537; x_wconf 90' lang='lat' dir='ltr'>titulo</span> <span class='ocrx_word' id='word_1_317' title='bbox 1125 2505 1232 2537; x_wconf 87' lang='lat' dir='ltr'>edidit</span> <span class='ocrx_word' id='word_1_318' title='bbox 1258 2504 1447 2536; x_wconf 72' lang='lat' dir='ltr'>cotelerius</span> <span class='ocrx_word' id='word_1_319' title='bbox 1466 2503 1591 2536; x_wconf 78' lang='lat' dir='ltr'>saecuto</span> <span class='ocrx_word' id='word_1_320' title='bbox 1623 2502 1770 2543; x_wconf 88' lang='lat' dir='ltr'>septimo</span> 
     </span>
     <span class='ocr_line' id='line_1_36' title="bbox 336 2559 1774 2606; baseline -0.003 -12"><span class='ocrx_word' id='word_1_321' title='bbox 336 2574 351 2594; x_wconf 91' lang='lat'>«</span> <span class='ocrx_word' id='word_1_322' title='bbox 382 2565 568 2597; x_wconf 85' lang='lat' dir='ltr'>recentiora</span> <span class='ocrx_word' id='word_1_323' title='bbox 599 2566 809 2606; x_wconf 81' lang='lat' dir='ltr'>probabilius</span> <span class='ocrx_word' id='word_1_324' title='bbox 836 2574 902 2597; x_wconf 90' lang='lat' dir='ltr'>non</span> <span class='ocrx_word' id='word_1_325' title='bbox 929 2570 1020 2596; x_wconf 83' lang='lat' dir='ltr'>sunt.</span> <span class='ocrx_word' id='word_1_326' title='bbox 1050 2564 1195 2604; x_wconf 81' lang='lat' dir='ltr'>ideoque</span> <span class='ocrx_word' id='word_1_327' title='bbox 1218 2563 1383 2604; x_wconf 89' lang='lat' dir='ltr'>optimum</span> <span class='ocrx_word' id='word_1_328' title='bbox 1408 2562 1488 2594; x_wconf 88' lang='lat' dir='ltr'>inde</span> <span class='ocrx_word' id='word_1_329' title='bbox 1516 2570 1576 2603; x_wconf 91' lang='lat' dir='ltr'>pro</span> <span class='ocrx_word' id='word_1_330' title='bbox 1603 2559 1638 2592; x_wconf 90' lang='lat' dir='ltr'>S.</span> <span class='ocrx_word' id='word_1_331' title='bbox 1653 2559 1774 2593; x_wconf 78' lang='lat' dir='ltr'>Jacobi</span> 
     </span>
     <span class='ocr_line' id='line_1_37' title="bbox 335 2616 1771 2662; baseline -0.002 -12"><span class='ocrx_word' id='word_1_332' title='bbox 335 2632 352 2650; x_wconf 88' lang='lat'>«</span> <span class='ocrx_word' id='word_1_333' title='bbox 384 2623 580 2662; x_wconf 79' lang='lat' dir='ltr'>Sarugensis</span> <span class='ocrx_word' id='word_1_334' title='bbox 605 2623 806 2654; x_wconf 82' lang='lat' dir='ltr'>orthodoxia</span> <span class='ocrx_word' id='word_1_335' title='bbox 831 2622 1012 2654; x_wconf 80' lang='lat' dir='ltr'>deducitur</span> <span class='ocrx_word' id='word_1_336' title='bbox 1038 2625 1288 2661; x_wconf 77' lang='lat' dir='ltr'>argumentum.</span> <span class='ocrx_word' id='word_1_337' title='bbox 1310 2630 1326 2649; x_wconf 88' lang='lat'>»</span> <span class='ocrx_word' id='word_1_338' title='bbox 1346 2618 1413 2650; x_wconf 82' lang='lat' dir='ltr'>Csr.</span> <span class='ocrx_word' id='word_1_339' title='bbox 1440 2618 1526 2650; x_wconf 74' lang='lat' dir='ltr'>Arta</span> <span class='ocrx_word' id='word_1_340' title='bbox 1552 2616 1771 2653; x_wconf 75' lang='lat' dir='ltr'>Sanctorum,</span> 
     </span>
     <span class='ocr_line' id='line_1_38' title="bbox 335 2678 826 2720; baseline 0.006 -12"><span class='ocrx_word' id='word_1_341' title='bbox 335 2682 413 2710; x_wconf 79' lang='lat' dir='ltr'>lom.</span> <span class='ocrx_word' id='word_1_342' title='bbox 443 2678 511 2711; x_wconf 81' lang='grc' dir='ltr'>ΧΙΙ</span> <span class='ocrx_word' id='word_1_343' title='bbox 536 2679 659 2711; x_wconf 77' lang='lat' dir='ltr'>octobr.</span> <span class='ocrx_word' id='word_1_344' title='bbox 690 2690 719 2720; x_wconf 78' lang='lat' dir='ltr'>p.</span> <span class='ocrx_word' id='word_1_345' title='bbox 747 2680 826 2712; x_wconf 69' lang='lat'>828.</span> 
     </span>
    </p>
   </div>
   <div class='ocr_carea' id='block_1_4' title="bbox 1879 0 1931 3239">
    <p class='ocr_par' dir='ltr' id='par_1_10' title="bbox 1879 0 1931 3239">
     <span class='ocr_line' id='line_1_39' title="bbox 1879 0 1931 3239; baseline 0 0"><span class='ocrx_word' id='word_1_346' title='bbox 1879 0 1931 3239; x_wconf 95' lang='lat' dir='ltr'> </span> 
     </span>
    </p>
   </div>
  </div>
 </body>
</html>
