1931 3239
302 209 308 215 ·
326 206 390 241 334
962 214 1121 241 THESES.

325 329 414 360 rem
466 316 677 372 pertinere
731 316 958 360 asserimus
1002 323 1147 359 contra
1197 318 1453 361 recentiores
1501 318 1752 375 interpretes

319 387 482 444 judaeos
522 395 564 431 et
611 388 751 444 plures
789 388 1070 431 rationalistas
1110 389 1363 439 hodiernos,
1400 390 1471 446 qui
1521 391 1609 434 haec
1658 405 1753 448 pro-

322 460 458 515 phetae
487 458 608 502 effata
639 459 690 502 ad
714 459 834 502 aliam
862 472 1111 516 personam,
1135 460 1199 504 vel
1229 461 1447 505 collective
1478 461 1528 505 ad
1553 462 1753 518 populum

317 532 532 588 judaicum
562 532 718 576 referre
751 533 900 576 frustra
936 533 1142 576 nituntur.

990 690 1075 730 LII.

378 800 514 843 Verba
546 798 693 855 psalmi
726 798 762 840 II
793 813 801 840 ε
829 798 960 841 Filius
996 812 1108 841 meus
1143 813 1182 841 es
1212 806 1279 851 tu,
1314 813 1382 853 eqo
1409 802 1524 843 hodie
1547 804 1667 853 qenui
1692 807 1749 850 te,

317 872 395 915 etsi
428 870 672 927 prophetice
699 869 899 912 dicuntur
926 869 977 912 de
1011 871 1283 926 generatione
1315 871 1494 926 quadam
1534 872 1749 927 metapho-

317 943 398 985 rica
420 975 429 993 ,
453 942 500 984 ad
525 942 752 983 humanam
785 940 940 983 Christi
979 948 1171 984 naturam
1210 942 1429 984 referenda
1447 975 1456 993 ,
1490 942 1580 998 ejus
1608 950 1748 986 tamen

315 1012 576 1056 divinitatem
603 1010 809 1054 indirecte
843 1010 1152 1054 demonstrant.
1188 1013 1320 1055 Porro
1340 1013 1563 1056 admittere
1595 1012 1748 1063 nolim,

314 1085 426 1140 quod
450 1084 604 1140 passim
629 1082 934 1138 interpretibus
966 1083 1147 1138 placuit,
1173 1096 1338 1126 comma
1362 1084 1472 1127 istud
1495 1117 1505 1135 ‚
1528 1085 1617 1127 Act.
1636 1085 1747 1135 XIII,

313 1158 474 1205 5255,
520 1168 541 1197 a
572 1153 701 1197 Paulo
745 1152 914 1209 allegari
954 1153 1005 1195 ad
1045 1155 1396 1198 resurrectionem
1446 1155 1615 1198 Domini
1653 1169 1747 1210 pro-

314 1232 518 1283 bandam3
548 1242 677 1288 quare
692 1230 803 1285 quod
821 1230 877 1272 ibi
909 1228 1062 1284 legitur
1090 1231 1311 1277 ἀναστήσας
1331 1221 1473 1277 Ἰησοῦν
1502 1230 1631 1287 Syrus
1659 1230 1747 1274 feli-

313 1310 403 1352 cius
425 1308 606 1351 reddidit
630 1291 815 1351 §2222
845 1289 1004 1361 ἉΑΞῙΞ
1030 1309 1234 1349 suscitans
1256 1307 1409 1357 Jesum,
1429 1318 1554 1362 quam
1570 1305 1746 1349 Latinus

313 1381 522 1437 interpres
548 1381 781 1424 vertendo:
811 1382 1061 1423 resuscitans
1093 1379 1245 1422 Jesum.

975 1538 1084 1578 LIII.

371 1651 533 1695 Pariter
559 1650 744 1707 psalmus
767 1649 896 1693 XLIV
916 1647 1186 1706 propheticus
1209 1655 1273 1691 est
1297 1648 1348 1691 de
1371 1648 1540 1698 Messia,
1569 1647 1743 1704 ejusque

309 1724 447 1767 divina
487 1731 636 1766 natura
684 1721 741 1764 ibi
789 1721 1024 1765 adstruitur
1066 1719 1180 1763 hisce
1219 1719 1359 1762 verbis
1391 1734 1402 1762 ι
1435 1735 1454 1759 «
1482 1719 1613 1762 Sedes
1647 1726 1738 1769 tua,

310 1811 329 1835 (ι
371 1795 506 1845 Deus,
535 1794 579 1836 in
610 1793 810 1836 sacculum
847 1784 1019 1843 saeculi}
1054 1791 1169 1846 virga
1196 1789 1446 1832 directionis
1480 1789 1592 1845 virga
1622 1789 1739 1845 regni

311 1883 329 1906 <z
369 1866 442 1908 tui.
478 1864 669 1908 Dilexisti
699 1863 904 1920 justitiam
943 1869 985 1905 et
1023 1861 1151 1903 odisti
1188 1860 1479 1915 iniquitatem3
1519 1867 1740 1915 propterea

311 1953 330 1977 «
368 1937 490 1979 unxit
514 1943 581 1985 te,
610 1936 748 1985 Deus,
780 1935 891 1979 Deus
915 1942 1010 1976 tuus
1042 1932 1135 1975 oleo
1159 1930 1314 1973 laetitiae
1346 1943 1429 1986 prae
1469 1931 1738 1974 consortibus

309 2026 328 2049 «
368 2017 462 2052 [uls.
497 2024 517 2048 1>

975 2119 1079 2158 LIV.

366 2239 672 2285 Contendimus
701 2240 819 2280 Rom.
850 2238 934 2285 IX,
962 2238 988 2279 5
1020 2250 1029 2277 :
1058 2232 1098 2283 ἐξ
1127 2228 1178 2274 οἷν
1197 2236 1214 2273 ὁ
1234 2232 1398 2290 Χριστὸς
1416 2231 1455 2272 τὸ
1474 2232 1574 2272 κατὰ
1593 2234 1735 2290 adfixa,

304 2315 323 2353 ὁ
343 2307 393 2352 ὢν
412 2311 471 2353 ἐπὶ
500 2313 652 2352 πάντων
685 2306 778 2355 Θεὸς
813 2306 1001 2363 εὐλογητὸς
1027 2307 1078 2352 εἰς
1107 2304 1185 2351 τοὺς
1224 2306 1365 2352 αἰῶνας
1393 2296 1530 2362 Ἀμήν,
1568 2306 1736 2362 pt‘aecla·

307 2397 398 2427 rum
422 2381 630 2426 contineri
654 2380 885 2423 divinitatis
905 2379 1005 2422 Jesu
1031 2377 1184 2421 Christi
1210 2378 1515 2421 testimonium.
1539 2379 1734 2421 Temera-

307 2456 367 2498 rie
395 2453 572 2511 proinde
600 2450 942 2496 Tischentlorfius
966 2456 1006 2492 et
1030 2449 1324 2492 Lachmannus
1344 2449 1451 2493 hanc
1471 2449 1732 2506 pericopam,

304 2529 345 2572 in
378 2526 635 2570 editionibus
662 2524 725 2567 sui
763 2522 858 2565 novi
891 2521 1159 2570 testamenti,
1188 2520 1243 2562 ita
1273 2520 1656 2577 interpunxerunt,
1685 2527 1730 2563 ut

304 2613 326 2643 a
357 2597 495 2642 verbis
528 2612 537 2640 :
568 2599 586 2636 ὁ
626 2590 678 2635 ὧν
709 2593 767 2636 ἐπὶ
799 2596 948 2635 πάντων
990 2605 1139 2635 novam
1183 2593 1467 2644 sententiam,
1503 2592 1554 2636 ad
1595 2593 1729 2636 Deum

303 2672 472 2715 Patrem
506 2667 793 2717 referendam,
825 2666 1084 2709 inchoarent.
