1931 3239
512 176 677 203 ‹JARMEN
702 178 714 203 1
742 177 790 203 DE
817 178 850 203 B.
878 178 914 202 v.
943 178 984 203 Μ.
1408 170 1469 203 207

39 269 298 312 intellectum
331 274 537 319 nostrum,
561 276 644 311 tam
670 270 871 323 praeclaro
899 275 1150 326 argumento
1181 269 1469 325 disponamus,

41 360 82 394 ut
112 364 133 394 a
158 350 319 394 macula
352 350 499 392 mundi
532 351 678 393 simus.

101 435 260 478 Coelum
297 434 476 476 alterum
507 433 549 475 in
586 433 705 488 cujus
738 433 832 474 sinu
876 433 1077 475 habitavit
1109 434 1306 477 dominus
1335 435 1472 478 excel-

38 531 180 561 sorum
215 524 257 560 et
285 529 337 560 ex
372 529 455 572 quo
479 524 598 559 ortus
625 524 689 559 est
716 516 765 559 ad
796 516 1010 572 pellendas
1044 530 1096 560 ex
1127 519 1230 560 orbe
1262 519 1472 561 tenebras.

97 598 446 642 Benedictissima
481 598 736 647 mulierum,
778 610 852 653 per
897 611 1022 654 quam
1060 606 1182 641 terrae
1231 599 1472 642 maledictio

39 681 246 725 eradicata
279 681 355 723 fuit
372 713 382 730 ,
409 680 572 723 aboleta
599 679 698 723 inde
727 680 778 722 ab
800 692 847 722 ea
878 680 1088 722 sententia
1113 680 1472 723 condemnatoria.

98 762 248 813 Casta,
292 761 473 818 pudiea,
525 769 566 805 et
609 761 834 804 sanctitate
882 762 1127 805 omnimode
1174 770 1352 814 ornata,
1400 776 1474 819 pro

37 845 157 902 eujus
188 846 383 889 encomio
413 845 683 902 praedicando
720 845 843 901 plane
879 845 1021 889 deficit
1060 858 1107 888 os
1134 859 1289 889 meum.

97 925 201 969 Filia
229 926 432 983 inopum,
466 926 626 969 domini
657 938 800 982 regum
831 934 965 970 mater
991 926 1139 970 effecta
1157 959 1167 977 ,
1192 939 1285 983 quae
1314 929 1472 970 mundo

38 1009 177 1066 egenti
204 1009 371 1052 divitias
398 1008 580 1051 vivificas
610 1007 911 1063 suppeditavit.

97 1169 222 1212 Navis
270 1170 485 1212 thesauros
529 1177 570 1212 et
620 1169 904 1212 beatitudines
940 1182 963 1212 e
1002 1169 1129 1212 domo
1169 1176 1341 1226 paterna
1376 1171 1474 1214 affe-

39 1264 158 1301 rens,
179 1263 342 1306 suoque
373 1251 556 1295 adventu
579 1251 740 1307 regioni
771 1259 927 1295 nostrae
946 1251 1144 1295 desolatae
1170 1252 1471 1296 abundantiam

37 1341 255 1390 praestans.

100 1419 214 1473 Ager
252 1417 418 1468 bonus,
454 1417 614 1473 absque
651 1418 815 1461 semine
853 1418 1019 1474 frugum
1059 1430 1203 1460 acerva
1235 1418 1474 1473 producens

38 1506 80 1540 et
118 1510 169 1541 ex
208 1510 320 1553 quo,
360 1497 462 1553 quin
500 1497 624 1540 fuerit
665 1497 883 1546 excultus,
924 1497 1086 1538 fruetus
1125 1496 1474 1552 multiplicantur.

97 1580 212 1623 Heva
234 1580 363 1623 altera
389 1580 513 1622 vitam
541 1581 709 1636 pariens
740 1581 849 1623 inter
881 1581 1081 1623 mortales
1099 1613 1109 1629 ,
1142 1593 1235 1636 quae
1264 1581 1473 1637 chirogra-

38 1662 165 1718 phum
200 1662 326 1705 Hevae
354 1662 500 1704 matris
532 1675 619 1705 suae
649 1662 843 1705 laceravit
874 1669 1000 1717 atque
1031 1662 1237 1704 dissolvit.
1344 1652 1363 1668 ⁶

100 1745 244 1788 Puella
277 1745 428 1788 vetulae
464 1744 662 1801 projeetae
694 1758 866 1788 manum
901 1745 1146 1801 porrigens,
1179 1751 1225 1787 ut
1267 1757 1288 1787 a
1326 1744 1472 1795 ruina,

39 1827 80 1869 in
115 1840 239 1883 quam
270 1827 507 1870 detruserat
534 1839 625 1870 eam
654 1840 830 1883 serpens
848 1859 858 1878 ‚
886 1826 1020 1882 ipsam
1052 1826 1245 1883 erigeret.

99 1969 203 2013 Filia
231 1982 324 2026 quae
352 1970 488 2013 texuit
520 1970 670 2013 stolam
705 1970 847 2026 gloriae
876 1983 1000 2026 quam
1033 1971 1195 2025 parenti
1226 1983 1325 2021 suo,
1361 1971 1472 2014 inter

41 2053 211 2097 arbores
240 2053 523 2110 ignominiose
554 2054 738 2104 nudato,
773 2054 815 2096 in
849 2060 1007 2096 vestem
1043 2053 1225 2096 offerret.

101 2213 227 2270 Virgo
273 2213 514 2270 prodigioso
561 2214 687 2257 modo
735 2214 826 2257 sine
875 2213 1070 2270 conjugio
1121 2222 1254 2255 mater
1298 2212 1470 2262 effecta3

39 2303 172 2340 mater
204 2309 457 2352 permanens
482 2296 751 2352 integerrima
786 2297 916 2352 virgo.

88 2632 114 2654 v.
140 2623 192 2655 58.
220 2623 299 2656 cod.
332 2625 392 2655 117
422 2633 428 2653 ;
457 2628 516 2653 ...ο
548 2615 721 2661 Mag?
