1931 3239
599 162 764 188 culmum
790 165 799 188 i
827 165 873 189 1·ss
900 166 932 189 Β.
961 165 995 189 v.
1024 165 1064 190 M.
1494 163 1551 196 -251

178 248 300 291 Beata
346 261 439 304 quae
481 251 642 307 accepit
678 252 881 308 Spiritum
920 264 1135 305 sanctum,
1174 259 1242 313 qui
1274 271 1363 301 eam
1415 261 1555 315 purili-

117 330 248 381 cavit,
274 332 437 374 ornavit
468 340 508 375 et
544 332 682 377 effecit
721 335 921 391 templum
967 337 1008 379 in
1041 338 1159 394 cujus
1188 341 1406 384 mansione
1440 342 1553 384 habi-

120 414 220 457 tavit
249 414 457 458 Dominus
489 416 777 460 excelsorum!

174 497 300 540 Beata
343 511 468 554 quam
510 499 736 556 singularis
777 501 905 543 decor
948 501 1198 558 virginitatis
1245 516 1332 546 suae
1375 506 1551 552 extulit,

114 588 153 622 et
185 580 303 636 cujus
332 594 487 626 nomen
519 583 559 625 in
589 584 739 627 saecuta
768 584 1112 640 splendidissime
1145 586 1295 642 fulget!

173 664 297 707 Beata
344 666 463 721 cujus
512 680 591 723 ope
640 678 836 712 renovata
879 671 955 712 fuit
998 671 1147 713 Adami
1192 672 1345 714 familia
1386 680 1425 715 et
1480 685 1550 727 per

112 758 236 800 quam
269 747 395 790 erecti
423 756 524 791 sunt
559 749 687 806 lapsi,
721 764 743 794 e
774 752 900 794 domo
931 753 1066 795 Patris
1097 753 1369 809 praecipitati!

171 828 297 871 Beata
339 829 457 886 cujus
496 832 744 876 excellentia
788 834 1030 891 conjugium
1082 835 1370 878 maritatarum
1415 844 1549 878 trans-

111 911 274 961 cendit,
305 912 404 954 dum
431 913 600 957 interim
633 916 896 960 confidenter
930 918 1109 973 gaudeat
1143 932 1271 974 puero
1303 918 1545 966 carissimo,

111 997 233 1039 sicuti
264 1001 439 1042 matres!

170 1081 295 1124 Beata
340 1082 459 1137 cujus
500 1095 654 1138 corpus
699 1096 720 1125 a
770 1083 1111 1137 concupiscentia
1164 1084 1417 1126 maculatum
1465 1097 1547 1126 non

110 1163 185 1206 fuit
227 1176 435 1219 unquam,
477 1164 549 1207 sed
589 1177 681 1220 quae
713 1165 930 1208 nobilitata
970 1166 1045 1208 fuit
1076 1166 1259 1208 formoso
1296 1165 1548 1222 virginitatis

110 1258 195 1288 suae
231 1246 390 1288 fructu!

169 1328 318 1378 Beata,
355 1328 394 1370 in
425 1328 545 1384 cujus
580 1336 698 1371 utero
728 1342 854 1384 parvo
880 1337 921 1371 et
950 1329 1102 1385 exiguo
1140 1329 1340 1371 habitavit
1374 1329 1546 1385 Magnus

106 1410 198 1461 ille,
233 1423 316 1466 quo
344 1410 575 1466 implentur
607 1411 793 1461 excelsa,
831 1411 931 1466 quin
964 1411 1081 1452 illum
1110 1423 1259 1465 capere
1292 1412 1484 1467 possint!

168 1492 292 1535 Beata
320 1504 413 1548 quae
441 1492 604 1548 peperit
632 1492 868 1548 Antiquum
898 1492 1013 1535 illum
1043 1492 1112 1547 qui
1144 1493 1289 1548 genuit
1318 1493 1544 1542 Adamum,

106 1581 145 1616 et
178 1587 404 1630 perquam
452 1582 661 1617 renovatae
705 1583 804 1617 sunt
850 1583 1012 1618 cunctae
1054 1582 1279 1625 creaturae,
1318 1575 1544 1630 antiquatae

105 1669 201 1699 cum
229 1658 401 1700 essent!

164 1738 290 1781 Beata
327 1749 419 1793 quae
463 1750 512 1780 ex
555 1737 757 1780 membris
798 1738 886 1780 suis
917 1745 1058 1795 guttas
1093 1739 1211 1781 lactis
1246 1738 1422 1794 praebuit
1456 1738 1541 1789 illi,

102 1820 151 1863 ad
188 1820 307 1876 cujus
337 1828 485 1863 nutum
524 1820 676 1863 fluctus
715 1821 840 1863 maris
874 1821 1013 1877 magni
1048 1821 1292 1864 exundant!

163 1903 290 1946 Beata
330 1915 424 1959 quae
464 1903 667 1960 gestavit,
711 1904 975 1958 amplexibus
1026 1911 1067 1947 et
1109 1903 1325 1947 blanditiis
1372 1902 1537 1952 affecit,

105 1986 204 2029 dum
249 2000 353 2044 puer
394 1996 526 2037 esset,
570 1987 751 2030 Heroeni
797 1986 911 2029 illurn
959 1987 1236 2036 saeculorum,
1276 1985 1347 2040 qui
1386 1994 1537 2028 terram

104 2070 266 2114 occulta
293 2084 366 2113 sua
402 2070 589 2126 potentia
619 2071 853 2112 sustentat!

165 2154 290 2196 Beata
337 2167 386 2197 ex
436 2167 516 2209 qua
560 2153 755 2197 exulibus
801 2161 975 2196 exortus
1023 2161 1084 2195 est
1134 2152 1416 2207 Redemptor,
1467 2152 1537 2206 qui

105 2235 330 2279 draconem
362 2236 502 2292 ligavit
535 2236 575 2278 in
608 2237 748 2278 furore
779 2248 882 2284 suo,
914 2243 1154 2290 terramque
1190 2234 1386 2289 placavit!

163 2318 290 2361 Beata
318 2331 410 2374 quae
438 2302 485 2361 os
513 2331 636 2361 suum
664 2318 938 2373 purissimum
967 2316 1161 2372 apposuit
1189 2315 1238 2357 ad
1271 2315 1375 2357 labia
1406 2314 1534 2362 lllius‚

103 2411 124 2442 a
158 2398 276 2455 cujus
315 2400 465 2443 ardore
497 2399 705 2455 seraphim
740 2399 860 2455 igniti
890 2398 1027 2441 velant
1061 2397 1206 2440 faciem
1238 2396 1383 2439 suam!

150 2605 199 2628 vv.
228 2597 287 2628 511
319 2600 351 2628 ct
373 2596 450 2628 512.
481 2597 654 2636 Leguntur
679 2597 710 2628 in
741 2595 804 2637 Off.
832 2594 909 2637 Syr.
939 2593 1025 2626 Mar.
1052 2602 1124 2634 pag.
1153 2585 1246 2631 ..ἔκ-ὲ
1270 2592 1374 2633 (58).
