1931 3239
324 142 460 169 JACOBI
485 141 632 169 SARUG.
659 142 862 170 DOCTRINA
886 143 937 169 DE
962 142 1272 168 INCARNATIONE.
1460 134 1520 168 1(ἱῦ

87 230 326 288 hujusmodi
363 238 503 273 autem
540 231 730 274 doctrina
761 231 1015 274 alienissima
1048 240 1148 275 sunt
1183 232 1329 275 Jacobi
1367 233 1516 284 verba,

86 303 239 359 quibus
271 302 383 344 Deus
412 314 494 344 non
530 302 569 343 in
603 302 771 357 propria
806 311 979 353 natura,
1003 303 1077 346 sed
1110 303 1150 344 in
1179 311 1397 359 assumpto
1424 316 1515 346 cor-

86 386 187 429 pore
221 385 366 428 passus
398 372 613 415 asseritur.

147 515 352 571 Ampliori
392 515 583 557 discursu
621 528 727 571 opus
762 528 845 557 non
881 528 974 558 esse
1008 515 1211 565 arbitror,
1243 523 1287 557 ut
1317 516 1520 559 catholica

87 586 231 629 jacobi
267 586 401 629 nostri
436 587 646 629 sententia
680 587 720 628 in
759 587 941 642 praelatis
976 586 1067 642 ejus
1100 587 1283 628 textibus
1316 594 1400 628 rata
1432 600 1521 629 om-

89 659 213 700 nibus
261 659 476 700 habeatur.
535 658 652 709 Quos
702 665 815 713 patet
864 671 914 700 eo
964 658 1171 713 praecipue
1227 666 1418 712 spectare
1477 666 1522 700 ut

89 729 243 773 Christi
282 729 575 780 divinitatem,
614 737 654 772 et
693 729 818 772 Verbi
855 729 983 771 divini
1021 743 1115 771 cum
1157 729 1338 771 humana
1374 736 1522 770 natura

91 800 283 842 intimam
317 807 443 855 atque
484 800 821 843 indissolubilem
860 801 1061 842 unionem
1105 799 1343 849 stabiliant,
1377 812 1524 855 quam-

89 884 214 927 quam
260 871 430 914 interim
475 879 619 927 aperte
666 879 707 914 et
748 871 931 914 dilucide
971 871 1205 913 adstruitur
1238 871 1363 913 etiam
1405 878 1523 913 natu-

90 956 228 985 rarum
273 943 503 986 distinctio.
551 944 659 986 Hinc
698 944 838 985 forsan
883 943 993 985 haud
1037 942 1188 998 injuria
1230 942 1324 997 quis
1371 942 1523 984 inferat

90 1015 315 1059 Catholicis
338 1028 384 1058 ea
409 1023 658 1071 tempestate
680 1016 722 1058 in
746 1016 1047 1072 Mesopotamia
1064 1049 1074 1067 ,
1096 1016 1164 1058 ubi
1191 1016 1374 1059 Jacobus
1402 1016 1526 1072 dege-

90 1086 183 1136 bat,
204 1087 534 1130 controversiam
557 1087 759 1130 adversus
783 1087 1059 1130 Nestorianos
1083 1087 1265 1129 maxime
1293 1088 1526 1136 exarsisse,

90 1157 404 1215 Monophysitas
435 1173 532 1203 vero
563 1159 618 1202 ibi
644 1159 780 1201 adhuc
808 1171 964 1214 paucos
996 1158 1057 1201 vel
1092 1159 1231 1201 nullos
1263 1166 1407 1200 nactos
1435 1171 1528 1201 esse

91 1229 335 1286 discipulos.
360 1231 422 1273 Re
452 1230 564 1273 enim
598 1243 709 1281 vera,
733 1229 856 1285 hujus
886 1229 1058 1272 haeresis
1086 1229 1128 1271 in
1158 1229 1273 1285 Syria
1304 1230 1529 1285 coryphaei,

91 1300 295 1351 Xenaias,
336 1301 486 1344 Petrus
529 1301 650 1344 Fullo
699 1308 740 1343 et
779 1301 983 1350 Severus,
1025 1299 1237 1355 Hierapoli
1288 1307 1330 1342 et
1378 1300 1529 1343 Antio-

91 1372 219 1422 chiae,
263 1372 312 1415 ad
367 1372 672 1415 occidentalem
721 1373 947 1428 Euphratis
990 1372 1182 1428 plagam,
1224 1384 1389 1414 errores
1429 1385 1530 1415 suos

93 1443 297 1499 sparsisse
340 1451 600 1493 noscuntur,
642 1443 769 1498 idque
806 1456 891 1485 non
928 1442 1008 1485 nisi
1048 1450 1238 1485 extrema
1280 1450 1397 1498 parte
1438 1443 1532 1485 vitae

92 1515 135 1557 S.
174 1515 347 1565 Jacobi,
386 1515 555 1570 quando
599 1514 633 1557 is
678 1514 819 1569 plures
867 1527 964 1556 suas
1015 1513 1331 1556 lucubrationes
1384 1514 1531 1569 procul

93 1585 221 1628 dubio
247 1585 332 1641 jam
366 1585 524 1628 dudum
558 1585 816 1635 absolveram
841 1592 985 1627 contra
1019 1585 1232 1627 historicis
1263 1585 1532 1628 documentis

93 1664 254 1699 certum
290 1663 378 1706 est,
411 1656 595 1699 Nestorii
631 1655 813 1698 asseclas
847 1662 1007 1698 mature
1042 1657 1083 1697 in
1120 1656 1294 1699 Perside
1327 1664 1368 1698 et
1397 1657 1532 1700 Meso·

93 1729 274 1785 potamia
310 1737 526 1777 versatos,
559 1728 600 1770 in
641 1728 729 1784 ipsa
765 1728 934 1771 civitate
968 1728 1165 1777 Edessae,
1198 1741 1281 1771 non
1324 1729 1403 1771 nisi
1441 1742 1533 1784 pas—

94 1813 216 1843 suum
241 1801 387 1843 decem
417 1800 604 1843 millibus
632 1813 654 1842 a
684 1800 844 1856 Saruge
880 1800 1091 1850 distante,
1119 1801 1305 1842 scholam
1336 1800 1532 1844 habuisse

95 1872 440 1921 celeberrimam,
477 1871 519 1913 in
555 1884 635 1926 qua
674 1872 948 1921 Barsaumas,
994 1872 1173 1914 Aeacius
1215 1872 1369 1926 aliique
1410 1872 1534 1927 hujus

95 1952 221 1986 sectae
269 1943 434 1999 patroni
485 1943 639 1985 eruditi
691 1943 832 1993 fuere,
882 1942 1021 1986 medio
1064 1943 1203 1985 saeculi
1238 1944 1390 1998 quinti.
1436 1944 1535 1986 Haec

96 2022 237 2058 autem
271 2015 412 2057 schola
448 2027 559 2057 anno
586 2016 700 2063 489,
730 2013 964 2069 imperante
997 2014 1166 2056 Zenone
1199 2013 1406 2069 extirpata
1433 2014 1534 2064 fuit,

96 2087 372 2137 connivente,
396 2086 453 2128 uti
473 2086 662 2136 videtur,
684 2086 789 2142 Cyro
810 2086 1033 2141 episcopo,
1055 2086 1126 2141 qui
1147 2086 1246 2128 dum
1266 2086 1354 2128 zelo
1376 2086 1537 2141 impru-

97 2159 212 2202 denti
245 2158 464 2204 haereticos
494 2158 815 2212 insequeretur,
844 2157 924 2199 sibi
952 2157 1003 2198 ab
1038 2157 1170 2199 altero
1203 2164 1394 2199 extremo
1432 2156 1535 2198 satis

99 2231 207 2274 haud
229 2231 360 2282 cavit,
387 2238 514 2286 atque
547 2230 590 2272 in
624 2230 1048 2286 monophysitismum
1078 2229 1298 2285 prolapsus
1322 2236 1415 2281 est3
1439 2241 1536 2271 eum

100 2414 118 2435 «
144 2403 212 2436 und
234 2404 367 2441 Geiste;
392 2412 489 2435 wenn
513 2403 664 2443 dagegen
690 2402 751 2434 der
775 2402 947 2443 Diophysit
976 2406 1049 2441 sagt
1076 2411 1083 2432 :
1112 2399 1191 2432 tht
1216 2401 1275 2440 (d.
1304 2401 1326 2431 i.
1353 2400 1413 2433 der
1446 2400 1537 2432 Sohn

100 2472 118 2492 «
144 2461 282 2500 Gottes)
307 2461 352 2492 ist
376 2460 577 2503 qelcreuziyt
599 2460 750 2496 worden,
779 2469 814 2491 so
838 2466 906 2491 sezt
926 2468 962 2490 er
987 2459 1038 2490 bei
1065 2469 1071 2490 z
1096 2458 1143 2489 im
1160 2457 1327 2495 Ftcisclae,
1347 2457 1418 2489 also
1443 2457 1538 2489 nicht

101 2529 119 2548 «
146 2519 179 2549 in
204 2518 302 2553 dem,
330 2527 396 2549 was
422 2527 459 2549 er
474 2518 607 2558 gemein
626 2518 683 2548 hat
707 2523 764 2549 mit
785 2517 861 2549 dem
883 2517 981 2548 Vater
1001 2516 1067 2546 und
1087 2516 1180 2547 Geist
1197 2541 1204 2551 ,
1225 2515 1372 2547 sondern
1392 2515 1424 2546 in
1444 2515 1533 2551 dem,

104 2585 122 2606 «
143 2583 210 2607 was
234 2583 272 2607 er
296 2576 358 2607 mit
383 2583 446 2607 uns
470 2575 606 2616 gemein
634 2575 698 2606 hat⁴
717 2584 735 2604 »
