1931 3239
618 510 844 567 CARMEN
878 511 950 565 DE
986 510 1036 565 Β.
1073 511 1128 566 Μ.
1168 512 1217 566 V.
1254 512 1538 567 ALTERUM.

950 666 1216 694 ARGUMENTUM.

416 765 655 801 Praemittitur
682 765 877 810 multiplex
902 765 946 800 ad
968 765 1101 800 Filium
1124 766 1184 801 Dei
1213 766 1415 808 invocat10‚
1445 776 1490 801 ex
1512 776 1583 812 qua
1604 766 1798 802 commode

366 836 406 871 fit
433 836 610 872 transitus
637 836 680 871 ad
715 835 978 872 celebrandum
1020 835 1204 871 infinitum
1241 836 1303 871 Dei
1337 847 1524 879 amorem,
1553 836 1616 883 qui
1645 847 1709 884 pro
1738 848 1795 874 re-

365 905 577 951 demptione
613 905 757 951 generis
790 905 941 940 humani
970 905 1104 940 Filium
1138 915 1246 940 suurn
1281 916 1324 940 ex
1361 905 1493 940 humili
1523 905 1665 953 virgine
1693 907 1794 942 nasci

368 975 485 1011 voluit
505 975 586 1022 (vv.
608 975 694 1009 1-27
711 974 734 1021 ).

414 1048 498 1083 Hsec
526 1054 647 1083 autem
678 1047 761 1082 Filii
792 1047 853 1083 Dei
884 1042 1068 1095 οἰκονομία
1096 1048 1173 1083 sive
1210 1049 1414 1084 incarnatio
1446 1049 1555 1095 plane
1586 1049 1796 1096 incompre-

365 1117 559 1153 hensibilis
573 1123 647 1158 est,
669 1117 824 1162 ideoque
839 1116 1057 1161 simpliciter
1077 1116 1272 1152 credenda.
1289 1117 1394 1152 Unde
1414 1118 1549 1154 curiosi
1570 1124 1795 1155 scrutatores

364 1188 498 1225 Christi
519 1195 672 1224 matrem
693 1188 827 1234 injuria
843 1189 1029 1224 lacessunt
1045 1217 1053 1231 ,
1074 1199 1107 1223 ν.
1129 1199 1162 1235 g.
1177 1188 1290 1234 judaei
1308 1217 1315 1232 ,
1337 1189 1494 1236 gentiles
1508 1218 1516 1233 ‚
1539 1190 1702 1226 haeretici
1730 1192 1793 1237 qui

366 1265 500 1306 negant
519 1258 601 1294 Filii
622 1268 756 1304 corpus
774 1268 817 1294 ex
843 1258 965 1294 Mariae
988 1258 1192 1293 substantia
1222 1257 1418 1294 formatum
1448 1259 1572 1299 fuisse,
1594 1267 1704 1306 atque
1732 1261 1795 1296 ille

365 1329 513 1366 dentum
532 1357 539 1372 ‚
558 1330 728 1376 quisquis
754 1328 865 1365 fuerit
880 1358 888 1373 ,
910 1335 1037 1366 contra
1067 1339 1175 1375 quem
1195 1339 1365 1375 expresse
1382 1330 1456 1377 agit
1480 1335 1609 1366 auctor
1629 1341 1636 1365 ε
1657 1340 1794 1378 anony-

366 1411 448 1437 mus
474 1406 595 1437 autem
628 1401 658 1436 is
685 1400 903 1436 admittebat
933 1400 1081 1445 quidem
1114 1399 1263 1435 Mariam
1292 1401 1328 1434 in
1357 1400 1566 1447 virginitate
1583 1401 1795 1447 concepisse

362 1471 498 1506 Filium
525 1481 632 1506 suum
649 1499 658 1513 ‚
678 1476 715 1506 at
742 1470 779 1505 in
804 1470 883 1516 ipso
913 1477 1019 1516 partu
1038 1470 1260 1518 virginitatis
1279 1470 1405 1505 florem
1433 1469 1661 1516 perdidisse;
1682 1470 1794 1517 idque

364 1541 445 1578 ideo
470 1541 707 1577 asserendum
735 1541 894 1577 ducebat
921 1547 962 1576 ut
986 1541 1151 1587 corporis
1178 1541 1314 1578 Christi
1342 1541 1547 1577 realitatem
1576 1547 1704 1578 contra
1730 1542 1792 1578 ad-

363 1613 544 1648 versarios
564 1613 600 1648 in
620 1618 699 1648 tuto
717 1613 916 1649 collocaret
936 1612 1017 1658 (vv.
1040 1613 1166 1648 28-72.
1184 1613 1194 1659 )

412 1686 446 1720 Is
474 1685 609 1732 igitur,
638 1684 721 1720 aliis
754 1684 915 1720 breviter
942 1684 1173 1730 perstrictis,
1203 1685 1358 1731 loquens
1388 1684 1601 1728 inducitur,
1635 1694 1794 1730 eumque

365 1754 450 1790 inde
479 1753 616 1790 refellit
641 1754 799 1790 Jacobus
815 1783 823 1797 ‚
851 1754 946 1800 quod
968 1754 1038 1789 nisi
1057 1754 1159 1790 solus
1177 1753 1345 1790 Christus
1363 1755 1599 1789 admirabilis
1625 1754 1670 1789 ab
1700 1754 1792 1789 lsaia

362 1824 461 1871 (cap.
482 1825 541 1867 IX,
559 1835 593 1859 v.
611 1824 649 1871 6)
669 1824 780 1860 fuerit
795 1824 1013 1870 praedictus,
1033 1824 1139 1869 cujus
1154 1824 1327 1859 nativitas
1343 1823 1555 1859 intellectus
1570 1823 1685 1860 nostri
1705 1833 1791 1868 cap·

361 1900 440 1930 tum
461 1894 621 1937 excedit;
655 1894 713 1929 cui
745 1893 898 1937 rationi,
928 1904 1038 1939 quam
1070 1899 1196 1929 contra
1224 1903 1447 1940 anonymum
1473 1894 1613 1930 ironice
1631 1893 1789 1937 evolvit,

363 1964 474 2000 aliam
489 1963 679 2011 subjungit
699 1964 849 2009 petitam
868 1973 911 1999 ex
928 1963 1104 2010 dignitate
1116 1969 1151 1998 et
1162 1963 1330 1999 decentia
1346 1963 1430 1998 Filii
1448 1963 1510 1999 Dei
1529 1963 1604 2010 (vv.
1618 1963 1789 2010 75-182).

411 2036 523 2072 Porro
550 2036 683 2072 transit
708 2035 753 2071 ad
779 2036 956 2071 vIsionem
977 2035 1169 2081 prophetae
1195 2035 1400 2071 Ezechielis
1423 2035 1529 2082 (cap.
1551 2036 1670 2077 XLIV,
1690 2047 1748 2071 vv.
1772 2036 1787 2070 t

363 2116 463 2152 seqq.
480 2105 490 2152 )
510 2105 547 2141 in
567 2116 638 2152 qua
655 2110 802 2151 portam
821 2107 983 2141 clausam
1003 2105 1154 2141 Mariam
1175 2116 1254 2141 esse
1271 2105 1427 2141 affirmat
1447 2105 1526 2152 (vv.
1549 2106 1710 2142 185-240
1725 2106 1749 2154 ).

412 2176 505 2213 Hinc
533 2187 659 2213 ansam
686 2177 798 2213 sumit
825 2177 934 2213 etiam
963 2178 1105 2212 ratione
1133 2177 1339 2225 theologica
1360 2177 1480 2213 Mariae
1499 2178 1535 2213 in
1554 2183 1659 2223 partu
1681 2178 1791 2226 virgi-

361 2247 512 2284 nitatem
531 2248 770 2285 conssrmandi
788 2260 797 2291 ;
824 2259 954 2295 nempe
979 2249 1065 2294 quia
1092 2248 1191 2284 filius
1211 2248 1289 2293 ejus
1309 2248 1406 2284 Deus
1424 2256 1480 2284 est
1498 2277 1506 2291 ,
1526 2249 1588 2294 qui
1615 2254 1791 2294 perpetuo

362 2318 536 2355 virtutem
563 2329 666 2355 suam
697 2318 886 2354 miraculis
913 2318 1140 2362 declaravit,
1163 2318 1243 2355 ideo
1268 2318 1393 2354 decuit
1415 2319 1536 2365 ipsum
1565 2319 1601 2353 in
1629 2319 1707 2364 ipsa
1726 2328 1792 2354 sua
1847 2308 1849 2310 ¹

361 2387 550 2424 nativitate
581 2387 721 2435 fulgere
750 2387 926 2434 prodigiis
945 2416 953 2431 ,
983 2398 1161 2433 suamque
1190 2388 1389 2433 potentiam
1418 2387 1577 2433 primum
1608 2387 1644 2422 in
1673 2393 1791 2424 matre

360 2459 624 2496 manifestare:
646 2460 778 2496 «Deus
799 2466 855 2496 est
875 2460 952 2505 ipse
978 2460 1063 2505 quia
1095 2459 1213 2495 sactus
1241 2466 1295 2495 est
1323 2460 1431 2496 homo
1459 2460 1538 2496 sine
1563 2460 1787 2504 mutatione3

358 2539 476 2568 mater
502 2542 587 2568 vero
615 2532 695 2577 ejus
720 2532 822 2579 virgo
850 2538 905 2568 est
922 2559 931 2574 ,
960 2532 1046 2577 quia
1073 2538 1190 2567 mater
1216 2530 1342 2567 effecta
1369 2531 1446 2567 sive
1475 2531 1635 2568 laesione.
1660 2544 1678 2565 n
1706 2532 1788 2577 Ipse

358 2612 429 2638 non
458 2607 513 2637 est
539 2601 672 2637 similis
701 2602 738 2637 in
770 2602 960 2638 nativitate
989 2602 1083 2637 natis
1111 2601 1388 2644 communibus,
1411 2609 1446 2637 et
1474 2602 1555 2638 idco
1576 2607 1691 2637 mater
1711 2601 1789 2647 ejus

357 2682 428 2708 non
447 2679 504 2707 est
522 2673 653 2708 similis
672 2672 706 2707 in
729 2679 833 2717 partu
855 2672 998 2708 caeteris
1019 2672 1197 2708 matribus
1219 2672 1300 2718 (vv.
1322 2671 1485 2708 241-572
1500 2671 1524 2717 ).
