1931 3239
577 171 774 199 SYRORUM
798 171 899 199 msr.
927 172 1034 200 LITT.
1506 170 1527 203 3

90 262 273 317 alinquin
319 260 458 316 plures
503 259 736 304 doctissimi
776 263 848 304 viri
895 264 1176 307 lucubrationi
1220 266 1525 309 assemanianae

89 332 278 376 criticum
302 332 449 374 lumen
470 330 720 382 effuderint,
745 341 816 375 aut
845 333 887 375 in
909 334 1085 378 edendis
1109 337 1398 379 monumentis
1425 351 1522 393 quae

88 404 223 446 adhuc
247 404 285 445 in
317 402 663 446 bibliothecarum
700 404 853 459 pluteis
886 406 1092 455 latebant,
1123 408 1320 450 eximiam
1344 421 1518 464 operam

88 474 299 524 navarint‚
325 474 365 515 in
394 474 611 516 Britannia
638 476 870 530 praesertim
895 484 935 519 et
960 478 1183 520 Germania
1213 479 1277 534 (i).

146 545 261 594 Jam,
289 552 333 586 ut
372 552 480 587 recta
507 545 771 600 propositum
802 548 1123 603 aggrediamur,
1157 550 1297 591 omnia
1322 562 1416 605 quae
1448 551 1522 592 hn-

88 630 244 673 cusque
276 617 317 659 in
348 618 557 673 publicam
593 619 786 661 notitiam
818 620 971 676 scripta
997 621 1154 677 syriaca
1180 622 1442 664 devenerunt
1476 634 1522 664 ea

89 689 136 731 ad
166 701 304 731 aeram
335 689 605 730 christianam
633 689 874 744 pertinent,
907 704 985 733 nec
1007 693 1119 734 enim
1151 692 1392 747 antiquiora
1416 692 1523 739 ulla,

88 760 198 815 quod
245 760 398 809 sciam,
444 759 630 801 tulerunt
675 768 857 803 aetatem.
906 765 960 803 At
1007 775 1103 804 cum
1156 763 1223 804 lux
1285 763 1524 818 evangelica

87 830 136 872 iis
168 830 408 886 regionibus
443 829 696 880 affulsisset,
728 831 867 886 plures
899 832 975 873 viri
1006 832 1178 887 ingenio
1210 841 1249 875 et
1283 833 1524 875 eruditione

87 901 274 956 insignes
316 900 368 942 de
413 901 528 942 omni
577 902 663 942 fere
716 901 1035 956 disciplinarum
1088 915 1242 958 genere
1291 903 1523 958 praesertim

87 971 145 1014 rei
178 983 308 1014 sacrae
341 971 496 1026 scripta
528 979 802 1013 monumenta
840 972 1126 1022 tradiderunt,
1155 986 1205 1016 ex
1240 974 1394 1028 quibus
1426 987 1522 1029 pro-

87 1042 196 1085 fecto
251 1041 442 1096 quamvis
496 1049 734 1097 temporum
790 1041 941 1097 injuria
998 1042 1219 1085 diminutis
1271 1052 1334 1086 sat
1386 1045 1523 1100 ampla

87 1115 236 1157 messis
271 1121 465 1169 superest
496 1114 697 1165 eruditis,
727 1114 793 1156 vix
824 1115 967 1170 paucis
999 1115 1134 1158 adhuc
1172 1117 1398 1172 manipulis
1425 1118 1523 1161 inde

86 1186 286 1229 collectis.
312 1186 479 1228 Etenim
501 1203 519 1225 «
543 1194 656 1228 certa
676 1194 716 1228 et
740 1195 941 1229 constans
965 1188 1072 1229 fama
1093 1195 1156 1230 est
1176 1202 1300 1244 quam
1326 1190 1522 1232 omnium

88 1274 106 1296 (ι
144 1257 333 1313 gentium
362 1257 629 1299 orientalium
656 1258 759 1299 mira
779 1258 1004 1300 consensio
1027 1258 1266 1309 confirmat,
1295 1267 1517 1316 ratamque

91 1345 109 1367 «
149 1329 356 1371 Eusebius
377 1328 647 1371 Caesarieusis
666 1337 707 1371 et
732 1329 1015 1385 Hieronymus
1042 1330 1197 1372 habent
1215 1363 1224 1379 ,
1250 1331 1522 1380 Thaddaeum,

91 1415 108 1439 a
148 1412 220 1441 seu
249 1406 293 1440 ut
321 1399 411 1455 Syri
434 1399 597 1441 malunt
625 1399 830 1442 Addaeum
857 1399 928 1456 (2),
961 1400 1023 1443 vel
1049 1401 1286 1456 apostolum
1312 1401 1373 1444 vel
1399 1401 1523 1444 disci-

91 1487 109 1508 «
149 1470 290 1525 pulum
327 1469 505 1520 Christi,
543 1472 685 1513 statim
726 1472 777 1513 ab
813 1470 1002 1526 ejusdem
1045 1472 1087 1514 in
1121 1472 1274 1514 coelum
1312 1486 1520 1523 ascensu,

91 1557 109 1579 (ι
149 1540 199 1582 ad
237 1541 451 1596 Abgarum
474 1541 645 1583 Edessae
680 1542 921 1596 toparcham
953 1543 1189 1597 profectum
1222 1543 1373 1593 fuisse,
1398 1552 1524 1600 atque

92 1628 109 1648 a
150 1611 517 1667 Mesopotamenos
536 1611 714 1666 populos
740 1612 781 1653 in
807 1612 887 1654 fide
909 1613 1135 1655 christiana
1154 1614 1406 1666 instituisse,
1428 1627 1524 1672 rege

90 1698 109 1721 a
148 1681 240 1737 ipso
272 1682 440 1737 Abgaro
482 1695 648 1724 sacrum
686 1683 893 1737 baptisma
932 1684 1204 1739 suscipiente.
1235 1685 1355 1727 Tunc
1388 1686 1522 1740 palam

88 1770 105 1793 a
147 1752 416 1808 praedicatum
435 1760 499 1795 est
521 1753 570 1795 iis
586 1753 628 1795 in
650 1753 753 1796 locis
768 1754 1047 1810 evangelium,
1065 1763 1292 1798 exstructae
1312 1756 1519 1808 ecclesiae,

88 1841 106 1863 ι(
145 1831 280 1866 erecta
328 1824 492 1874 altaria,
537 1825 642 1867 sacri
685 1826 853 1868 codices
894 1839 946 1867 ex
986 1827 1181 1869 hebraico
1231 1840 1430 1871 sermone
1479 1830 1522 1872 in

89 1912 109 1935 <t
146 1895 350 1951 syriacum
392 1896 603 1945 translati,
628 1896 843 1951 episcopi,
880 1898 1113 1953 presbyteri
1145 1906 1186 1940 et
1211 1899 1377 1942 diaconi
1407 1900 1520 1943 ordi-

132 2029 173 2070 (ι)
200 2030 344 2062 Plurima
378 2030 419 2063 de
449 2032 697 2063 recentioribus
732 2032 856 2072 linguae
884 2034 1022 2073 syriacae
1058 2034 1179 2065 studiis
1216 2035 1349 2067 erudite
1380 2035 1522 2068 exhibet

87 2087 135 2118 Cl.
162 2088 197 2119 D.
221 2087 311 2119 Neve
325 2087 358 2118 in
379 2087 468 2119 hisce
488 2088 661 2128 opusculis
680 2098 687 2120 :
711 2089 744 2119 1⁰
764 2087 811 2119 De
834 2089 869 2120 la
884 2089 1104 2121 renaissance
1118 2089 1175 2121 des
1193 2092 1309 2122 lettres
1325 2091 1521 2134 syriaques.

87 2146 177 2178 Paris
201 2147 298 2178 1854.
324 2146 360 2178 2⁰
391 2144 485 2187 θυαμ
508 2146 601 2178 d’oeil
625 2156 686 2178 sm·
705 2148 751 2178 les
774 2150 991 2178 monuments
1019 2146 1066 2178 clu
1087 2147 1345 2180 christianismo
1367 2148 1532 2191 primitis

81 2202 214 2245 publie's
237 2202 439 2234 re'cemment
465 2213 507 2234 en
532 2203 706 2246 syriaque.
736 2204 825 2235 Paris
851 2204 951 2236 1856.
978 2206 1014 2236 5⁰
1040 2202 1198 2247 L’Eylisc
1223 2204 1382 2237 d'Oricnt
1400 2215 1441 2238 en
1459 2216 1522 2239 son

85 2259 229 2292 histoire
245 2258 381 2301 d'aprcs
406 2262 454 2292 les
478 2264 695 2292 monuments
722 2257 913 2303 syriaqizes.
934 2262 1024 2292 Paris
1051 2261 1148 2294 1860.

129 2317 171 2356 (2)
197 2317 231 2348 Si
257 2317 358 2358 Moysi
382 2318 589 2349 Chorenensi
620 2317 734 2350 saeculi
762 2318 785 2348 V
812 2318 1083 2359 historiographo
1120 2317 1204 2350 fides
1230 2323 1280 2350 est
1296 2342 1304 2357 ‚
1329 2318 1520 2352 Thaddaeus

87 2378 121 2405 et
142 2374 263 2406 Adaeus
287 2382 352 2405 non
381 2379 459 2406 sunt
487 2374 586 2406 unius
614 2374 837 2414 ejusdemque
865 2374 1022 2415 discipuli
1054 2377 1211 2413 nomina;
1235 2376 1294 2407 sed
1319 2375 1519 2414 Thaddaeus,

87 2431 232 2471 primum
258 2431 300 2463 ab
324 2432 478 2471 apostolo
497 2418 690 2463 Thoma'ad
717 2433 890 2472 Abgarum
922 2432 1125 2472 deputatus,
1155 2433 1278 2465 deinde
1314 2438 1388 2474 post
1413 2433 1518 2466 Edes-

85 2496 242 2520 senorum
272 2489 313 2520 ad
349 2488 450 2521 fidem
487 2489 765 2527 conversionem,
794 2490 930 2522 Adaeum
955 2491 997 2521 ab
1024 2490 1095 2531 ipso
1121 2491 1330 2531 baptizatum
1357 2492 1390 2523 in
1419 2490 1518 2523 edes-

85 2554 165 2577 sena
191 2545 325 2578 civitate
351 2550 387 2577 ut
426 2545 513 2578 vices
541 2547 694 2588 proprias
720 2552 894 2587 gerentem
924 2547 1085 2586 reliquit,
1113 2548 1185 2588 ipse
1223 2548 1264 2579 ad
1291 2549 1516 2589 Sanatrugum

86 2602 207 2642 Abgari
243 2610 284 2634 ex
305 2610 420 2634 sorore
445 2609 602 2644 nepotem
632 2603 855 2644 profecturus.
