1931 3239
610 206 746 232 neom
772 207 914 234 SARUG.
944 209 1049 234 vim.
1507 202 1544 235 71

114 298 252 342 vitatis
272 296 361 354 ejus
387 297 661 354 gaudeamuS,
686 298 902 341 dicentes:
925 298 1102 342 Domine
1123 300 1226 342 Deus
1248 300 1319 356 qui
1342 300 1548 343 exhilaras

108 383 246 439 justos
269 382 462 425 omnium
495 382 842 424 benedictionum
874 383 1094 433 fluctibus,
1118 384 1300 426 exhilara
1325 385 1545 428 ecclesiam

113 472 226 507 tuam
264 470 305 505 et
340 475 456 505 serva
488 462 595 505 tilios
626 462 716 517 ejus
751 477 772 506 a
798 465 1063 507 nocentibus.
1096 466 1142 506 ln
1179 473 1218 508 te
1244 466 1549 508 benedicantur

113 545 300 589 ecclesiae
332 544 406 587 filii
442 545 513 600 qui
548 544 588 586 in
617 552 655 586 te
687 545 948 600 gloriantur,
982 547 1127 602 eisque
1159 561 1235 603 pax
1270 555 1337 589 tua
1367 548 1548 591 donetur

108 627 227 682 juxta
262 626 588 682 promissionem
628 634 756 668 tuam.

179 798 224 840 ln
252 805 290 839 te
314 805 353 840 et
379 809 453 852 per
477 796 743 840 clementiam
775 804 887 838 tuam
917 797 1191 840 benedicatur
1216 798 1313 839 anni
1338 798 1520 841 circulus
1539 831 1549 850 ‚

114 885 160 921 ut
191 891 266 934 per
301 886 340 921 te
372 885 413 920 et
444 890 518 933 per
551 878 709 920 donum
741 884 858 920 tuum
895 885 1169 933 protegantur
1203 891 1351 921 omnes
1388 883 1550 923 auxilio

117 968 304 1017 egentes.
337 961 418 1003 Per
451 968 491 1003 te
512 993 521 1010 ,
555 961 744 1002 omnium
790 961 995 1003 Domine!
1026 968 1171 1016 regnet
1210 974 1287 1016 pax
1321 961 1361 1002 in
1392 964 1551 1005 mundo

117 1044 336 1094 universo,
371 1052 416 1086 ut
448 1057 549 1100 grex
571 1051 668 1086 tuus
697 1044 872 1087 feliciter
892 1044 1016 1085 vitam
1043 1044 1199 1099 degens
1220 1077 1229 1094 ‚
1258 1044 1347 1099 ejus
1374 1045 1550 1101 gloriam

113 1126 271 1183 jugiter
293 1126 489 1169 decantet
509 1126 579 1181 qui
604 1134 756 1168 terram
792 1126 830 1167 in
865 1138 1008 1168 amore
1042 1138 1119 1168 suo
1149 1138 1222 1181 per
1252 1134 1420 1169 sanctos
1450 1141 1552 1170 suos

115 1209 322 1260 visitavit,
359 1216 401 1252 et
447 1217 618 1265 propter
654 1209 748 1251 illos
790 1209 1124 1265 indignationem
1164 1222 1282 1252 suam
1325 1210 1490 1254 cohibet
1530 1224 1552 1254 3

115 1291 421 1348 peccatoribus.

178 1409 265 1451 Nos
298 1409 438 1464 itaque
457 1441 467 1459 ,
496 1408 676 1450 Domine
708 1415 878 1457 noster,
910 1421 983 1464 per
1008 1408 1221 1450 orationes
1256 1409 1398 1465 inclyti
1424 1409 1572 1466 patris

118 1491 252 1534 nostri
286 1490 419 1533 sancti
459 1491 630 1540 Jacobi,
666 1491 811 1547 gratiis
851 1491 1079 1540 cumulati,
1123 1499 1161 1534 te
1197 1492 1473 1547 deprecamur
1510 1501 1553 1535 ut

118 1571 346 1614 transferas
371 1584 392 1613 3
413 1571 536 1613 nobis
560 1580 747 1627 tempora
774 1572 1001 1614 iracundiae
1024 1581 1066 1615 et
1091 1586 1380 1628 pressurarum
1397 1607 1406 1624 ‚
1429 1583 1552 1630 atque

117 1661 267 1696 cuncta
299 1667 499 1710 prospera
530 1667 580 1696 ex
613 1655 809 1697 thesauro
843 1662 914 1697 tuo
938 1655 1120 1710 benigne
1145 1657 1338 1698 concedas

405 1768 414 1778 ⁸
480 1769 490 1787 9

119 1825 159 1861 et
194 1818 508 1861 miserationem
541 1818 615 1861 tibi
647 1818 880 1874 placentem
912 1818 1014 1874 ipsis
1052 1818 1287 1875 suppedita.

128 2007 131 2010 ·
180 1990 264 2039 Da,
292 1989 496 2039 Domine,
532 2002 673 2044 pacem
706 1990 831 2032 etiam
865 1989 904 2030 in
927 1989 1084 2031 sanctis
1108 1989 1338 2039 coenobiis,
1362 1998 1402 2032 et
1433 2002 1551 2032 serva

120 2073 360 2116 sacerdotes
403 2081 442 2115 et
481 2073 681 2116 diaconos
714 2073 783 2128 qui
825 2073 864 2115 in
911 2073 1024 2116 hisce
1061 2081 1406 2124 commorantur3
1453 2074 1552 2115 item

121 2156 318 2211 praesules
345 2189 354 2206 ‚
394 2156 522 2198 duces
565 2163 607 2198 et
643 2155 776 2211 capita
814 2156 1001 2198 ecclesiae
1045 2168 1066 2197 3
1108 2155 1245 2197 noxiis
1290 2163 1330 2196 et
1368 2154 1554 2197 adversis

121 2341 258 2373 orienet.
286 2346 366 2373 tom.
399 2340 452 2377 ll,
483 2350 514 2381 p.
543 2339 610 2371 5632:
641 2349 648 2370 :
681 2340 857 2372 «benedic
885 2348 1017 2372 coronae
1043 2339 1121 2370 anni
1151 2347 1209 2378 per
1237 2338 1378 2378 gratiam
1407 2342 1516 2372 tuam.
1534 2349 1550 2368 »

123 2408 198 2441 quae
222 2399 322 2431 verba
350 2403 464 2439 putem
489 2398 615 2439 syriace
641 2397 758 2430 eadem
786 2398 819 2428 in
846 2397 919 2428 cod.
947 2401 1061 2427 extare
1085 2403 1160 2436 quae
1184 2396 1216 2426 in
1246 2404 1294 2435 ps.
1321 2395 1490 2435 leguntur.

167 2471 196 2493 v.
221 2462 298 2494 450.
336 2453 455 2502 ἰὲομ
492 2460 628 2500 proprie
663 2460 819 2502 yaudim
856 2460 914 2491 sed
948 2459 1083 2499 ponitur
1125 2456 1177 2487 liic
1218 2464 1276 2495 per
1314 2458 1551 2497 metonymiam

121 2518 262 2551 effectus
288 2527 348 2559 pro
372 2505 492 2553 causa,
524 2524 647 2556 nempe
674 2515 804 2559 qaudin
837 2524 897 2556 pro
922 2513 1098 2555 felicitate.
1117 2530 1158 2535 —
1179 2513 1253 2544 Post
1280 2513 1370 2545 hunc
1396 2522 1527 2546 versum
1544 2538 1552 2552 ‚

121 2577 273 2617 quinque
300 2576 397 2607 lineae
423 2583 441 2606 e
466 2574 539 2605 cod.
568 2574 702 2614 penitus
725 2578 947 2606 evanuerunt.

169 2647 198 2669 v.
222 2636 299 2669 452.
327 2639 415 2678 Lego
441 2630 639 2688 ἰΔομέ-επο
665 2645 706 2668 ex
732 2636 880 2677 vestigiis
905 2635 995 2666 bisce
1020 2643 1028 2664 ε
1057 2625 1102 2669 ld
1123 2640 1147 2674 3·-
1175 2637 1252 2683 ,⁸⁵⁵0
