1931 3239
544 163 709 188 ‹JARMEN
734 162 745 187 1
772 162 821 187 DE
846 163 879 187 13.
909 162 943 187 V.
973 163 1014 187 M.
1434 158 1495 189 22?

139 257 184 298 In
220 254 410 297 oratione
442 261 552 304 erat,
587 255 695 297 sicut
729 253 853 297 etiam
886 254 1030 297 Daniel
1066 255 1307 297 versabatur
1337 255 1377 297 in
1406 268 1495 297 ora-

68 339 206 387 tione,
233 337 401 392 quando
433 338 481 379 ad
512 350 607 380 eum
641 337 860 380 descendit
890 337 1038 393 igneus
1070 339 1257 394 angelus.
1292 338 1494 380 Sacerdo-

67 428 148 462 tem
182 418 448 467 Zachariam,
486 418 585 460 dum
625 417 763 460 stabat
798 418 839 460 in
874 426 1020 460 sancto
1053 427 1297 461 sanctorum
1333 419 1493 462 orando

65 514 201 545 coram
234 501 321 544 Deo
359 500 539 543 visitavit
566 501 753 557 angelus.
789 501 840 543 Et
871 502 1004 556 puella
1040 503 1154 552 baec,
1187 516 1346 558 magnae
1381 515 1492 546 reve-

63 582 230 626 lationis
270 582 479 639 particeps
522 582 694 633 effecta,
733 583 774 625 in
810 583 1001 626 oratione
1037 584 1280 626 versabatur
1322 584 1492 639 quando

63 664 256 720 angelum
287 664 616 707 descendentem
652 665 832 720 excepit.

123 845 267 889 Oratio
302 846 465 888 sincera
503 859 598 888 cum
625 846 712 888 Deo
737 847 909 902 mystica
936 846 1142 901 colloquia
1173 847 1322 896 babet,
1357 847 1489 902 loqui-

60 936 126 970 tur
157 926 243 977 illi,
274 940 512 969 sermonem
545 928 661 970 audit
691 941 742 971 ex
774 941 823 971 eo
852 937 977 983 atque
1010 928 1205 970 innititur
1240 929 1333 983 ipsi.

116 1061 345 1104 Descendit
385 1062 598 1118 Angelus,
636 1063 736 1104 dum
767 1063 895 1105 Maria
925 1070 1056 1105 staret
1092 1063 1132 1105 in
1174 1063 1392 1111 oratione,
1428 1071 1488 1106 at-

56 1156 135 1198 que
172 1157 314 1199 pacem
356 1144 510 1186 obtulit
550 1144 587 1187 ei
622 1145 793 1186 missam
831 1145 882 1187 ab
922 1145 1142 1188 Altissimo
1179 1161 1187 1187 :
1228 1146 1352 1188 «Ave
1383 1146 1486 1195 tibi,

56 1225 207 1276 Maria,
244 1226 450 1269 Dominus
483 1234 628 1269 noster
675 1235 840 1275 tecum,
870 1240 894 1269 o
930 1227 1077 1270 beata!
1115 1228 1339 1270 Benedicta
1373 1237 1414 1270 tu
1445 1236 1486 1272 et

55 1307 301 1350 benedictus
338 1308 498 1350 fructus
529 1308 781 1364 virginitatis
807 1316 901 1351 tuae,
922 1326 941 1347 »

113 1464 210 1507 Haec
238 1473 378 1508 autem
409 1479 505 1507 cum
538 1466 751 1516 audisset,
786 1467 1014 1521 prudenter
1042 1467 1251 1523 cogitabat
1286 1479 1478 1522 quaenam

52 1557 161 1591 esset
191 1561 315 1591 causa
346 1548 586 1604 hujusmodi
614 1549 791 1591 insuetae
818 1549 1096 1592 salutationis.

111 1674 225 1716 Dixit
256 1674 294 1717 ei
327 1675 517 1731 Angelus
555 1690 563 1717 :
604 1692 620 1712 «
644 1675 738 1718 Noli
771 1676 954 1725 turbari,
987 1689 1011 1718 0
1050 1677 1169 1732 plena
1209 1677 1365 1732 gratia!
1405 1677 1482 1718 Do-

49 1756 188 1799 minus
223 1757 264 1799 in
304 1765 342 1799 te
380 1770 473 1800 sese
509 1758 790 1813 complacuit,
820 1767 865 1801 ut
904 1759 978 1801 fias
1008 1767 1142 1801 mater
1168 1759 1257 1814 ejus
1284 1759 1325 1800 in
1357 1759 1481 1814 virgi-

50 1839 180 1881 nitate
208 1846 300 1890 tua;
328 1852 426 1882 ecce
455 1852 507 1882 ex
541 1840 618 1882 boc.
651 1854 763 1883 nunc
794 1848 939 1883 sancte
972 1841 1206 1883 foecundata
1237 1840 1449 1895 concipies
1470 1872 1480 1889 ,

49 1928 90 1963 et
122 1921 256 1976 paries
283 1921 440 1977 Regem
476 1921 594 1976 cujus
623 1921 738 1976 regni
771 1935 855 1963 non
889 1923 968 1964 erit
995 1922 1103 1964 finis.
1128 1939 1146 1961 »

108 2080 346 2136 Respondit
390 2080 516 2122 Maria
563 2096 572 2122 :
623 2080 888 2132 «Quomodo
927 2082 996 2123 liet
1037 2080 1077 2122 id
1113 2080 1226 2136 quod
1262 2081 1477 2136 loqueris,

49 2162 389 2218 quandoquidem
425 2162 561 2216 vjrum
599 2175 684 2205 non
720 2175 956 2218 cognosco,
992 2170 1033 2205 et
1067 2162 1281 2217 quomodo
1319 2163 1478 2206 foecun-

48 2243 212 2287 dabor‘?
268 2244 418 2286 Filium
471 2244 571 2286 mihi
620 2244 869 2296 annuntias3
918 2245 988 2287 sed
1045 2257 1122 2300 ego
1173 2245 1473 2288 commercium

50 2327 167 2370 virile
203 2340 286 2369 non
328 2339 562 2383 cognosco3
607 2335 771 2382 partum
802 2326 950 2376 audio,
978 2334 1019 2368 at
1058 2339 1140 2368 non
1170 2334 1341 2382 apparet
1374 2327 1474 2368 milii

49 2411 127 2451 viri
152 2409 345 2452 societas.
367 2426 385 2448 »

93 2565 143 2588 vv.
170 2555 334 2587 245-248.
365 2556 537 2595 Leguntur
560 2556 592 2585 in
620 2553 683 2595 Off.
710 2554 787 2595 Syr.
814 2552 893 2585 ibid.

95 2621 144 2644 vv.
169 2613 229 2644 251
259 2618 292 2644 et
315 2611 393 2644 ⁹252.
421 2612 548 2642 Pariter
570 2611 693 2643 adsunt
716 2610 797 2641 ibid.

1923 1124 1927 1140 v<
1923 1057 1931 1116 222:
1924 1016 1931 1039 2-5.
1924 955 1931 1008 An:
1929 935 1931 945 -

1918 3181 1931 3239 Ᾰ-Ί-ιῗ-
1918 2602 1931 3165 ζ-ΙὶδωιῗΜΕΕΒῐΣ-’Μῖιῗὰθ-ὣᾋᾉκ
1919 2571 1931 2590 ⁴⁵>
1928 2527 1931 2539 „.
1925 2511 1930 2518 ι
1920 2496 1923 2503 “
1922 2483 1923 2486 ⁴
1922 2452 1931 2471 2-
1922 2430 1931 2441 Α,
1922 2407 1931 2421 32
1921 2372 1931 2389 ’λ
1921 2339 1931 2365 ,33
1921 2317 1924 2323 '
1925 2302 1929 2308 ι
1928 2287 1931 2292 .
1921 2239 1931 2279 3224
