1931 3239
761 209 923 238 THESES.
1495 204 1559 237 3:35>

125 322 236 358 stare
264 312 347 356 veri
379 312 564 355 nominis
588 313 922 363 matrimonium3
946 319 1106 355 eertum
1135 312 1246 355 enim
1275 319 1338 355 est
1368 318 1559 355 contrac-

127 393 211 428 tum
232 383 490 426 matrimonii
513 383 622 425 inter
643 383 903 426 Christianos
926 397 1093 439 semper
1113 397 1205 426 esse
1229 392 1557 434 sacramentnm,

124 465 163 499 et
199 456 360 499 nullum
387 467 479 498 esse
513 462 777 498 contractum
806 455 839 497 si
871 463 1180 498 sacramentum
1213 455 1463 498 excludatur
1497 454 1558 511 (ι).

785 609 926 650 LXXI.

185 722 373 765 Ecclesia
419 721 544 764 habet
585 728 836 777 potestatem
887 721 1188 777 impedimenta
1240 722 1555 764 matrimonium

126 794 367 837 dirimentia
394 794 646 844 inducendi,
682 801 831 850 estque
866 795 944 836 hoe
977 793 1046 849 jus
1083 794 1282 837 Ecclesiae
1314 794 1555 849 proprium,

123 866 172 909 ad
208 866 372 910 civilem
405 880 503 910 vero
537 874 788 923 potestatem
820 867 1062 909 nullatenus
1090 875 1251 922 spectat
1283 867 1344 922 (2).

756 1016 918 1057 LXXII.

184 1126 289 1170 Cum
329 1125 647 1168 matrimonium
685 1126 987 1169 catholicorum
1025 1138 1119 1168 cum
1166 1125 1373 1168 haereticis
1410 1125 1465 1167 sit
1506 1137 1556 1166 ex

123 1199 215 1255 lege
252 1198 536 1242 ecclesiastica
579 1199 803 1242 universali
842 1199 1023 1255 graviter
1056 1198 1339 1255 prohibitum,
1366 1197 1558 1252 sequitur

122 1271 224 1314 illud
259 1271 363 1315 eitra
399 1272 761 1328 dispensationem
793 1272 914 1315 Sedis
949 1271 1204 1327 Apostolicae
1234 1279 1275 1314 et
1298 1270 1556 1313 cautelarum

122 1342 174 1385 ab
208 1355 256 1386 ea
292 1343 631 1399 praescriptarum
669 1343 1007 1387 observationem
1050 1343 1164 1386 licite
1202 1342 1298 1384 iniri
1339 1353 1555 1396 nunquam

121 1427 261 1470 posse.

170 1549 212 1591 (ι)
239 1549 288 1581 Cf.
314 1547 474 1592 Syllabas
498 1558 526 1581 a.
555 1550 655 1589 1864,
681 1559 775 1592 prop.
804 1550 940 1583 Lxxul.

169 1606 214 1647 (2)
240 1604 289 1638 lb.
322 1615 417 1647 prop.
441 1606 548 1637 van
575 1614 624 1646 sq.

685 1756 807 1804 Vidit
834 1755 884 1804 S.
913 1757 1133 1804 Facultas
1165 1757 1453 1822 Theoloyica.

589 1867 641 1909 H.
674 1867 710 1909 J.
746 1868 885 1918 Fiam,
909 1867 953 1910 S.
986 1868 1083 1910 Fac.
1115 1882 1156 1924 p.
1185 1876 1213 1911 t.
1243 1870 1449 1912 Decanus.

588 1949 634 1991 F.
667 1949 704 1992 J.
740 1950 967 1999 Moumnr,
995 1949 1038 1992 S.
1063 1951 1159 1992 Fae.
1183 1964 1222 2005 p.
1256 1958 1284 1992 t.
1312 1965 1333 1993 a
1358 1951 1554 1995 Secretis.

720 2053 842 2104 Vidit
877 2053 1042 2100 Rector
1083 2054 1421 2101 Universitatz’s.

893 2139 950 2187 N.
990 2141 1034 2188 J.
1077 2140 1307 2189 LAFORET.
