1931 3239
608 153 742 180 JACOBI
768 152 914 180 SARUG.
944 153 1051 179 VITA.
1510 147 1551 180 57

117 245 169 289 de
195 245 302 288 Jobo
329 245 399 300 qui
430 251 648 299 tantopere
678 256 772 286 cum
804 250 946 286 satana
977 243 1190 300 praeliatus
1221 251 1299 286 est.
1329 244 1390 288 De
1410 245 1551 301 Moyse

114 339 214 370 vero
247 333 288 369 et
330 325 381 368 de
429 324 559 381 plagis
597 325 750 380 quibus
796 325 1023 381 AEgyptum
1060 325 1304 368 terribiliter
1342 326 1551 381 percussit

115 408 354 464 composuit
376 407 525 449 doctor
547 419 766 449 sermones
792 406 952 449 decem.
974 408 1180 449 Tractnvic
1202 407 1326 449 etiam
1347 406 1398 450 de
1422 408 1550 451 Josue

115 491 185 547 qui
204 523 213 541 ‚
237 491 387 534 occisis
411 490 579 546 regibus
598 522 607 539 ‚
632 490 783 532 horum
815 498 969 533 terram
1000 490 1075 533 Dei
1105 490 1226 546 jussu
1253 490 1426 533 Abrami
1455 490 1550 533 siliis

115 573 342 616 distribuit.
376 573 438 615 De
470 573 598 620 Jesu,
640 572 725 614 tilio
771 572 980 621 Josedek,
1017 572 1237 615 sacerdote
1280 585 1448 627 magno.

176 754 238 797 De
270 752 366 796 filiis
399 752 500 796 Seth
528 752 599 808 qui
623 752 665 794 in
694 751 911 808 principiis
941 751 1028 794 suis
1066 752 1229 795 bonesti
1255 752 1449 804 suerunt,
1478 754 1551 796 sed

114 845 255 882 tamen
286 851 369 881 non
402 838 451 881 ad
488 838 614 881 finem
653 850 786 892 usque
822 837 863 879 in
893 836 1046 880 virtute
1078 838 1388 893 perdurarunt,
1421 838 1553 893 siqui-

114 920 209 963 dem
242 920 432 977 gigantes
469 933 565 963 cum
599 919 715 964 Caini
752 919 916 963 filiabus
954 920 995 962 in
1025 927 1191 976 turpem
1231 919 1552 963 fornicationem

114 1001 318 1045 cecidere.

176 1231 237 1274 De
269 1229 360 1273 Elia
400 1229 552 1273 deinde
583 1229 668 1272 filio
710 1230 965 1272 advenorum
1003 1227 1208 1286 (Galaad)
1244 1236 1285 1272 et
1324 1229 1376 1272 de
1414 1228 1554 1273 Eliseo

115 1312 320 1369 plurimos
369 1312 448 1368 ipsi
493 1323 712 1354 sermones
759 1311 1018 1354 enarrandos
1062 1311 1210 1353 tribuit
1257 1310 1453 1367 Spiritus.
1494 1312 1555 1354 De

116 1395 258 1438 Isaaco
298 1394 368 1450 qui
398 1394 438 1436 in
465 1393 668 1436 sacrificio
698 1406 773 1436 suo
804 1405 897 1435 sese
929 1392 1092 1435 sortiter
1123 1392 1261 1448 gladio
1294 1392 1463 1449 objecit.
1489 1394 1549 1436 De

117 1476 270 1520 Israele
293 1476 364 1532 qui
398 1475 552 1518 scalam
581 1474 684 1518 vidit
714 1475 755 1518 in
784 1474 965 1518 somnio.
996 1475 1056 1518 De
1082 1476 1266 1532 Josepho
1304 1488 1434 1531 puero
1473 1476 1554 1519 sor-

116 1571 236 1602 moso
287 1564 328 1600 et
370 1557 621 1607 innocente,
672 1556 743 1612 qui
793 1557 1180 1613 concupiscentiam
1229 1557 1381 1600 devicit
1416 1570 1437 1600 a
1475 1570 1554 1612 qua

117 1641 307 1699 gigantes
347 1652 499 1683 omnes
532 1639 590 1681 rei
621 1638 841 1682 constituti
872 1646 986 1681 sunt.

181 2037 242 2079 De
276 2036 390 2079 Enos
438 2035 655 2091 sapiente,
701 2034 771 2091 qui
808 2035 954 2078 docuit
990 2043 1141 2078 terram
1190 2047 1344 2078 nomen
1385 2034 1554 2077 Domini

113 2118 271 2176 jugiter
299 2119 510 2161 invocare.
540 2119 602 2161 De
637 2118 812 2161 Daniele
845 2118 916 2174 qui
952 2117 1005 2161 ob
1032 2116 1240 2174 jejunium
1274 2123 1315 2160 et
1343 2115 1556 2159 orationes

117 2213 215 2244 suas
244 2200 306 2243 vir
335 2200 532 2244 desiderii
570 2200 648 2243 fuit
682 2208 952 2257 nuncupatus
982 2200 1033 2242 ab
1068 2199 1231 2255 angelo.

163 2387 194 2409 v.
221 2377 301 2410 521.
326 2382 474 2427 ξιιμ..
510 2375 578 2417 legi
609 2374 800 2407 dubitando
818 2391 861 2398 —
881 2375 942 2406 Pro
964 2368 1103 2429 134ιῇ
1123 2371 1366 2413 exscripseram
1391 2364 1510 2426 1322&

165 2461 195 2483 v.
219 2452 298 2483 522.
325 2451 476 2483 Habetur
513 2449 568 2481 hie
606 2450 640 2481 in
678 2448 751 2481 cod.
778 2440 892 2485 »co-al
919 2447 1042 2486 Jobus,
1072 2446 1131 2479 sed
1166 2446 1200 2477 in
1236 2445 1388 2486 margine
1419 2449 1557 2476 notatur

118 2518 237 2563 uno-Ji
284 2523 397 2564 Enos,
424 2532 499 2565 quae
526 2523 645 2565 procul
672 2523 777 2555 dubio
805 2531 882 2555 vera
909 2522 1010 2554 lectio
1035 2526 1096 2554 est.
1115 2519 1182 2552 Cfr.
1210 2517 1294 2551 Gen.
1322 2518 1381 2557 lv,
1407 2517 1461 2549 26.

167 2610 195 2632 v.
223 2599 301 2633 524.
328 2599 397 2632 Vox
412 2591 541 2638 &al-22
568 2605 664 2638 paene
688 2596 825 2629 evanuit
850 2597 883 2626 in
911 2594 985 2627 eod.

1353 2661 1373 2689 8
