<?xml version="1.0" encoding="UTF-8"?>
<!DOCTYPE html PUBLIC "-//W3C//DTD XHTML 1.0 Transitional//EN"
    "http://www.w3.org/TR/xhtml1/DTD/xhtml1-transitional.dtd">
<html xmlns="http://www.w3.org/1999/xhtml" xml:lang="en" lang="en">
 <head>
  <title>
</title>
<meta http-equiv="Content-Type" content="text/html;charset=utf-8" />
  <meta name='ocr-system' content='tesseract 3.04.00' />
  <meta name='ocr-capabilities' content='ocr_page ocr_carea ocr_par ocr_line ocrx_word'/>
</head>
<body>
  <div class='ocr_page' id='page_1' title='image "./devitaetscriptis00abbeuoft_0069.png"; bbox 0 0 1931 3239; ppageno 0'>
   <div class='ocr_carea' id='block_1_1' title="bbox 592 168 1524 204">
    <p class='ocr_par' dir='ltr' id='par_1_1' title="bbox 592 168 1524 204">
     <span class='ocr_line' id='line_1_1' title="bbox 592 168 1524 204; baseline -0.005 0"><span class='ocrx_word' id='word_1_1' title='bbox 592 178 726 204; x_wconf 76' lang='lat' dir='ltr'>JACOBI</span> <span class='ocrx_word' id='word_1_2' title='bbox 752 176 893 204; x_wconf 76' lang='lat' dir='ltr'>SARUG.</span> <span class='ocrx_word' id='word_1_3' title='bbox 920 177 1026 203; x_wconf 74' lang='lat' dir='ltr'><strong>VITA.</strong></span> <span class='ocrx_word' id='word_1_4' title='bbox 1482 168 1524 200; x_wconf 49' lang='lat'>*213</span> 
     </span>
    </p>
   </div>
   <div class='ocr_carea' id='block_1_2' title="bbox 94 266 1525 815">
    <p class='ocr_par' dir='ltr' id='par_1_2' title="bbox 94 266 1525 815">
     <span class='ocr_line' id='line_1_2' title="bbox 96 266 1521 326; baseline -0.004 -14"><span class='ocrx_word' id='word_1_5' title='bbox 96 276 288 326; x_wconf 81' lang='lat' dir='ltr'>pergeret</span> <span class='ocrx_word' id='word_1_6' title='bbox 330 269 371 311; x_wconf 90' lang='lat' dir='ltr'>in</span> <span class='ocrx_word' id='word_1_7' title='bbox 413 267 592 311; x_wconf 87' lang='lat' dir='ltr'>mirabili</span> <span class='ocrx_word' id='word_1_8' title='bbox 626 269 705 311; x_wconf 86' lang='lat' dir='ltr'>hoc</span> <span class='ocrx_word' id='word_1_9' title='bbox 743 276 782 310; x_wconf 90' lang='lat' dir='ltr'>et</span> <span class='ocrx_word' id='word_1_10' title='bbox 822 267 1031 323; x_wconf 87' lang='lat' dir='ltr'>stupendo</span> <span class='ocrx_word' id='word_1_11' title='bbox 1067 278 1263 310; x_wconf 79' lang='lat' dir='ltr'>sermone</span> <span class='ocrx_word' id='word_1_12' title='bbox 1302 273 1343 308; x_wconf 86' lang='lat' dir='ltr'>ct</span> <span class='ocrx_word' id='word_1_13' title='bbox 1383 266 1521 321; x_wconf 85' lang='lat' dir='ltr'>ipsum</span> 
     </span>
     <span class='ocr_line' id='line_1_3' title="bbox 97 346 1524 405; baseline -0.001 -14"><span class='ocrx_word' id='word_1_14' title='bbox 97 350 405 393; x_wconf 76' lang='lat' dir='ltr'>admirarentur</span> <span class='ocrx_word' id='word_1_15' title='bbox 430 349 615 405; x_wconf 84' lang='lat' dir='ltr'>episcopi</span> <span class='ocrx_word' id='word_1_16' title='bbox 660 361 892 403; x_wconf 89' lang='lat' dir='ltr'>omnesque</span> <span class='ocrx_word' id='word_1_17' title='bbox 926 350 1182 390; x_wconf 75' lang='lat' dir='ltr'><em>adstantium</em></span> <span class='ocrx_word' id='word_1_18' title='bbox 1211 346 1352 397; x_wconf 90' lang='lat' dir='ltr'>oculi,</span> <span class='ocrx_word' id='word_1_19' title='bbox 1380 347 1524 389; x_wconf 89' lang='lat' dir='ltr'>admo-</span> 
     </span>
     <span class='ocr_line' id='line_1_4' title="bbox 96 428 1523 487; baseline -0.004 -13"><span class='ocrx_word' id='word_1_20' title='bbox 96 431 189 474; x_wconf 86' lang='lat' dir='ltr'>nuit</span> <span class='ocrx_word' id='word_1_21' title='bbox 222 444 317 474; x_wconf 91' lang='lat' dir='ltr'>eum</span> <span class='ocrx_word' id='word_1_22' title='bbox 350 431 533 487; x_wconf 78' lang='lat' dir='ltr'>Spiritus</span> <span class='ocrx_word' id='word_1_23' title='bbox 565 438 736 473; x_wconf 86' lang='lat' dir='ltr'>sanctus</span> <span class='ocrx_word' id='word_1_24' title='bbox 770 430 822 472; x_wconf 93' lang='lat' dir='ltr'>de</span> <span class='ocrx_word' id='word_1_25' title='bbox 855 430 1088 472; x_wconf 87' lang='lat' dir='ltr'>vastatione</span> <span class='ocrx_word' id='word_1_26' title='bbox 1118 429 1298 472; x_wconf 85' lang='lat' dir='ltr'>civitatis</span> <span class='ocrx_word' id='word_1_27' title='bbox 1329 428 1493 471; x_wconf 75' lang='lat' dir='ltr'>Amidae</span> <span class='ocrx_word' id='word_1_28' title='bbox 1513 460 1523 477; x_wconf 90' lang='lat'>,</span> 
     </span>
     <span class='ocr_line' id='line_1_5' title="bbox 94 510 1522 566; baseline -0.002 -12"><span class='ocrx_word' id='word_1_29' title='bbox 94 513 267 556; x_wconf 89' lang='lat' dir='ltr'>irruisse</span> <span class='ocrx_word' id='word_1_30' title='bbox 301 527 439 566; x_wconf 76' lang='lat' dir='ltr'>nempe</span> <span class='ocrx_word' id='word_1_31' title='bbox 474 514 649 562; x_wconf 83' lang='lat' dir='ltr'>Persas,</span> <span class='ocrx_word' id='word_1_32' title='bbox 692 520 732 554; x_wconf 91' lang='lat' dir='ltr'>et</span> <span class='ocrx_word' id='word_1_33' title='bbox 776 512 912 554; x_wconf 91' lang='lat' dir='ltr'>locum</span> <span class='ocrx_word' id='word_1_34' title='bbox 957 525 1004 554; x_wconf 90' lang='lat' dir='ltr'>ac</span> <span class='ocrx_word' id='word_1_35' title='bbox 1041 512 1296 554; x_wconf 72' lang='lat' dir='ltr'>habitatores</span> <span class='ocrx_word' id='word_1_36' title='bbox 1344 510 1433 566; x_wconf 87' lang='lat' dir='ltr'>ejus</span> <span class='ocrx_word' id='word_1_37' title='bbox 1480 510 1522 551; x_wconf 92' lang='lat' dir='ltr'>in</span> 
     </span>
     <span class='ocr_line' id='line_1_6' title="bbox 96 592 1523 650; baseline -0.002 -14"><span class='ocrx_word' id='word_1_38' title='bbox 96 595 377 649; x_wconf 85' lang='lat' dir='ltr'>captivitatem</span> <span class='ocrx_word' id='word_1_39' title='bbox 428 593 667 650; x_wconf 69' lang='lat' dir='ltr'>redegisse3</span> <span class='ocrx_word' id='word_1_40' title='bbox 712 600 812 636; x_wconf 90' lang='lat' dir='ltr'>tunc</span> <span class='ocrx_word' id='word_1_41' title='bbox 858 594 996 636; x_wconf 83' lang='lat' dir='ltr'>dicere</span> <span class='ocrx_word' id='word_1_42' title='bbox 1035 593 1162 649; x_wconf 86' lang='lat' dir='ltr'>coepit</span> <span class='ocrx_word' id='word_1_43' title='bbox 1203 592 1253 635; x_wconf 89' lang='lat' dir='ltr'>de</span> <span class='ocrx_word' id='word_1_44' title='bbox 1291 592 1523 635; x_wconf 87' lang='lat' dir='ltr'>vastatione</span> 
     </span>
     <span class='ocr_line' id='line_1_7' title="bbox 95 674 1525 732; baseline -0.005 -10"><span class='ocrx_word' id='word_1_45' title='bbox 95 678 273 722; x_wconf 88' lang='lat' dir='ltr'>civitatis</span> <span class='ocrx_word' id='word_1_46' title='bbox 306 678 468 722; x_wconf 82' lang='lat' dir='ltr'>Amidae</span> <span class='ocrx_word' id='word_1_47' title='bbox 503 689 603 720; x_wconf 87' lang='lat' dir='ltr'>voce</span> <span class='ocrx_word' id='word_1_48' title='bbox 653 676 819 732; x_wconf 75' lang='lat' dir='ltr'>lugubri</span> <span class='ocrx_word' id='word_1_49' title='bbox 864 676 988 719; x_wconf 84' lang='lat' dir='ltr'>verba</span> <span class='ocrx_word' id='word_1_50' title='bbox 1025 676 1219 719; x_wconf 86' lang='lat' dir='ltr'>dolorosa</span> <span class='ocrx_word' id='word_1_51' title='bbox 1251 682 1290 717; x_wconf 91' lang='lat' dir='ltr'>et</span> <span class='ocrx_word' id='word_1_52' title='bbox 1322 674 1525 730; x_wconf 75' lang='lat' dir='ltr'>angustiae</span> 
     </span>
     <span class='ocr_line' id='line_1_8' title="bbox 97 759 233 815; baseline 0.015 -14"><span class='ocrx_word' id='word_1_53' title='bbox 97 759 233 815; x_wconf 88' lang='lat' dir='ltr'>plena.</span> 
     </span>
    </p>
   </div>
   <div class='ocr_carea' id='block_1_3' title="bbox 95 1066 1528 1947">
    <p class='ocr_par' dir='ltr' id='par_1_3' title="bbox 95 1066 1528 1947">
     <span class='ocr_line' id='line_1_9' title="bbox 157 1066 1523 1124; baseline -0.002 -15"><span class='ocrx_word' id='word_1_54' title='bbox 157 1071 195 1124; x_wconf 81' lang='lat'>[&lt;‹</span> <span class='ocrx_word' id='word_1_55' title='bbox 232 1068 459 1111; x_wconf 81' lang='lat' dir='ltr'>Terribiles</span> <span class='ocrx_word' id='word_1_56' title='bbox 480 1066 622 1109; x_wconf 85' lang='lat' dir='ltr'>nuncii</span> <span class='ocrx_word' id='word_1_57' title='bbox 640 1073 680 1109; x_wconf 88' lang='lat' dir='ltr'>et</span> <span class='ocrx_word' id='word_1_58' title='bbox 699 1066 827 1109; x_wconf 85' lang='lat' dir='ltr'>amari</span> <span class='ocrx_word' id='word_1_59' title='bbox 853 1078 1044 1108; x_wconf 86' lang='lat' dir='ltr'>rumores</span> <span class='ocrx_word' id='word_1_60' title='bbox 1066 1067 1364 1122; x_wconf 76' lang='lat' dir='ltr'>perturbavere</span> <span class='ocrx_word' id='word_1_61' title='bbox 1387 1078 1523 1107; x_wconf 86' lang='lat' dir='ltr'>meam</span> 
     </span>
     <span class='ocr_line' id='line_1_10' title="bbox 96 1147 1523 1204; baseline -0.004 -11"><span class='ocrx_word' id='word_1_62' title='bbox 96 1158 281 1194; x_wconf 80' lang='lat' dir='ltr'>mentem</span> <span class='ocrx_word' id='word_1_63' title='bbox 319 1165 329 1193; x_wconf 90' lang='lat'>:</span> <span class='ocrx_word' id='word_1_64' title='bbox 366 1158 441 1200; x_wconf 93' lang='lat' dir='ltr'>tu,</span> <span class='ocrx_word' id='word_1_65' title='bbox 478 1148 686 1198; x_wconf 83' lang='lat' dir='ltr'>Domine,</span> <span class='ocrx_word' id='word_1_66' title='bbox 720 1147 893 1204; x_wconf 86' lang='lat' dir='ltr'>psalmis</span> <span class='ocrx_word' id='word_1_67' title='bbox 934 1147 1017 1189; x_wconf 90' lang='lat' dir='ltr'>tuis</span> <span class='ocrx_word' id='word_1_68' title='bbox 1056 1147 1113 1189; x_wconf 92' lang='lat' dir='ltr'>illi</span> <span class='ocrx_word' id='word_1_69' title='bbox 1156 1147 1284 1190; x_wconf 84' lang='lat' dir='ltr'>redde</span> <span class='ocrx_word' id='word_1_70' title='bbox 1321 1159 1523 1202; x_wconf 84' lang='lat' dir='ltr'>pacem.»</span> 
     </span>
     <span class='ocr_line' id='line_1_11' title="bbox 95 1229 1525 1290; baseline -0.005 -13"><span class='ocrx_word' id='word_1_71' title='bbox 95 1235 203 1277; x_wconf 91' lang='lat' dir='ltr'>Tum</span> <span class='ocrx_word' id='word_1_72' title='bbox 227 1233 412 1290; x_wconf 87' lang='lat' dir='ltr'>episcopi</span> <span class='ocrx_word' id='word_1_73' title='bbox 443 1247 452 1274; x_wconf 91' lang='lat'>:</span> <span class='ocrx_word' id='word_1_74' title='bbox 478 1244 681 1287; x_wconf 84' lang='lat' dir='ltr'>quorsum</span> <span class='ocrx_word' id='word_1_75' title='bbox 714 1231 790 1274; x_wconf 90' lang='lat' dir='ltr'>ista</span> <span class='ocrx_word' id='word_1_76' title='bbox 826 1229 1053 1286; x_wconf 89' lang='lat' dir='ltr'>permisces</span> <span class='ocrx_word' id='word_1_77' title='bbox 1068 1232 1086 1272; x_wconf 70' lang='grc' dir='ltr'>ἱ)</span> <span class='ocrx_word' id='word_1_78' title='bbox 1115 1243 1192 1273; x_wconf 92' lang='lat' dir='ltr'>nec</span> <span class='ocrx_word' id='word_1_79' title='bbox 1213 1229 1325 1272; x_wconf 91' lang='lat' dir='ltr'>enim</span> <span class='ocrx_word' id='word_1_80' title='bbox 1355 1230 1405 1271; x_wconf 87' lang='lat' dir='ltr'>ad</span> <span class='ocrx_word' id='word_1_81' title='bbox 1437 1240 1525 1271; x_wconf 88' lang='lat' dir='ltr'>rem</span> 
     </span>
     <span class='ocr_line' id='line_1_12' title="bbox 95 1309 1524 1369; baseline -0.005 -11"><span class='ocrx_word' id='word_1_82' title='bbox 95 1315 254 1358; x_wconf 80' lang='lat' dir='ltr'>faciunt</span> <span class='ocrx_word' id='word_1_83' title='bbox 282 1322 352 1357; x_wconf 92' lang='lat' dir='ltr'>aut</span> <span class='ocrx_word' id='word_1_84' title='bbox 379 1313 682 1369; x_wconf 78' lang='lat' dir='ltr'>consequentia</span> <span class='ocrx_word' id='word_1_85' title='bbox 713 1319 840 1362; x_wconf 88' lang='lat' dir='ltr'>sunt,</span> <span class='ocrx_word' id='word_1_86' title='bbox 872 1324 1010 1367; x_wconf 87' lang='lat' dir='ltr'>neque</span> <span class='ocrx_word' id='word_1_87' title='bbox 1032 1311 1084 1354; x_wconf 92' lang='lat' dir='ltr'>de</span> <span class='ocrx_word' id='word_1_88' title='bbox 1109 1311 1262 1354; x_wconf 81' lang='lat' dir='ltr'>Amida</span> <span class='ocrx_word' id='word_1_89' title='bbox 1293 1310 1368 1352; x_wconf 90' lang='lat' dir='ltr'>tibi</span> <span class='ocrx_word' id='word_1_90' title='bbox 1399 1309 1524 1352; x_wconf 88' lang='lat' dir='ltr'>modo</span> 
     </span>
     <span class='ocr_line' id='line_1_13' title="bbox 96 1393 1526 1449; baseline -0.005 -9"><span class='ocrx_word' id='word_1_91' title='bbox 96 1397 321 1441; x_wconf 88' lang='lat' dir='ltr'>dicendum</span> <span class='ocrx_word' id='word_1_92' title='bbox 363 1404 440 1440; x_wconf 89' lang='lat' dir='ltr'>est.</span> <span class='ocrx_word' id='word_1_93' title='bbox 480 1396 781 1439; x_wconf 88' lang='lat' dir='ltr'>Verumtamen</span> <span class='ocrx_word' id='word_1_94' title='bbox 824 1394 894 1437; x_wconf 91' lang='lat' dir='ltr'>ille</span> <span class='ocrx_word' id='word_1_95' title='bbox 938 1394 1097 1437; x_wconf 88' lang='lat' dir='ltr'>electus</span> <span class='ocrx_word' id='word_1_96' title='bbox 1141 1401 1187 1436; x_wconf 89' lang='lat' dir='ltr'>ut</span> <span class='ocrx_word' id='word_1_97' title='bbox 1224 1393 1295 1449; x_wconf 89' lang='lat' dir='ltr'>qui</span> <span class='ocrx_word' id='word_1_98' title='bbox 1337 1393 1526 1436; x_wconf 89' lang='lat' dir='ltr'>dolorem</span> 
     </span>
     <span class='ocr_line' id='line_1_14' title="bbox 97 1475 1527 1532; baseline -0.003 -10"><span class='ocrx_word' id='word_1_99' title='bbox 97 1478 362 1522; x_wconf 88' lang='lat' dir='ltr'>dissimulare</span> <span class='ocrx_word' id='word_1_100' title='bbox 411 1490 495 1520; x_wconf 91' lang='lat' dir='ltr'>non</span> <span class='ocrx_word' id='word_1_101' title='bbox 544 1484 716 1532; x_wconf 87' lang='lat' dir='ltr'>posset,</span> <span class='ocrx_word' id='word_1_102' title='bbox 763 1475 1070 1518; x_wconf 89' lang='lat' dir='ltr'>Amidenorum</span> <span class='ocrx_word' id='word_1_103' title='bbox 1112 1476 1272 1518; x_wconf 84' lang='lat' dir='ltr'>cladem</span> <span class='ocrx_word' id='word_1_104' title='bbox 1320 1489 1341 1518; x_wconf 88' lang='lat' dir='ltr'>a</span> <span class='ocrx_word' id='word_1_105' title='bbox 1386 1475 1527 1518; x_wconf 88' lang='lat' dir='ltr'>Persis</span> 
     </span>
     <span class='ocr_line' id='line_1_15' title="bbox 95 1557 1525 1617; baseline -0.003 -13"><span class='ocrx_word' id='word_1_106' title='bbox 95 1562 250 1605; x_wconf 91' lang='lat' dir='ltr'>illatam</span> <span class='ocrx_word' id='word_1_107' title='bbox 272 1560 465 1617; x_wconf 89' lang='lat' dir='ltr'>persequi</span> <span class='ocrx_word' id='word_1_108' title='bbox 490 1572 574 1602; x_wconf 90' lang='lat' dir='ltr'>non</span> <span class='ocrx_word' id='word_1_109' title='bbox 599 1558 782 1607; x_wconf 85' lang='lat' dir='ltr'>destitit,</span> <span class='ocrx_word' id='word_1_110' title='bbox 811 1557 1040 1614; x_wconf 82' lang='lat' dir='ltr'>subjiciens</span> <span class='ocrx_word' id='word_1_111' title='bbox 1064 1574 1073 1600; x_wconf 74' lang='grc' dir='ltr'>ε</span> <span class='ocrx_word' id='word_1_112' title='bbox 1101 1558 1308 1614; x_wconf 81' lang='lat' dir='ltr'>«lugeant</span> <span class='ocrx_word' id='word_1_113' title='bbox 1332 1557 1525 1614; x_wconf 77' lang='lat' dir='ltr'>regiones</span> 
     </span>
     <span class='ocr_line' id='line_1_16' title="bbox 95 1640 1526 1700; baseline -0.003 -13"><span class='ocrx_word' id='word_1_114' title='bbox 95 1652 137 1687; x_wconf 92' lang='lat' dir='ltr'>et</span> <span class='ocrx_word' id='word_1_115' title='bbox 169 1644 240 1700; x_wconf 92' lang='lat' dir='ltr'>qui</span> <span class='ocrx_word' id='word_1_116' title='bbox 270 1656 339 1686; x_wconf 86' lang='lat' dir='ltr'>eas</span> <span class='ocrx_word' id='word_1_117' title='bbox 372 1641 561 1685; x_wconf 88' lang='lat' dir='ltr'>incolunt</span> <span class='ocrx_word' id='word_1_118' title='bbox 596 1640 734 1696; x_wconf 92' lang='lat' dir='ltr'>populi</span> <span class='ocrx_word' id='word_1_119' title='bbox 773 1640 907 1683; x_wconf 85' lang='lat' dir='ltr'>caedes</span> <span class='ocrx_word' id='word_1_120' title='bbox 945 1648 987 1683; x_wconf 89' lang='lat' dir='ltr'>et</span> <span class='ocrx_word' id='word_1_121' title='bbox 1020 1641 1237 1696; x_wconf 88' lang='lat' dir='ltr'>profusum</span> <span class='ocrx_word' id='word_1_122' title='bbox 1272 1641 1314 1682; x_wconf 92' lang='lat' dir='ltr'>in</span> <span class='ocrx_word' id='word_1_123' title='bbox 1348 1653 1395 1683; x_wconf 89' lang='lat' dir='ltr'>ea</span> <span class='ocrx_word' id='word_1_124' title='bbox 1432 1654 1526 1682; x_wconf 89' lang='lat' dir='ltr'>san-</span> 
     </span>
     <span class='ocr_line' id='line_1_17' title="bbox 97 1722 1526 1782; baseline -0.003 -13"><span class='ocrx_word' id='word_1_125' title='bbox 97 1726 322 1782; x_wconf 78' lang='lat' dir='ltr'>guinem.»</span> <span class='ocrx_word' id='word_1_126' title='bbox 341 1725 403 1768; x_wconf 86' lang='lat' dir='ltr'>Ex</span> <span class='ocrx_word' id='word_1_127' title='bbox 431 1725 507 1767; x_wconf 87' lang='lat' dir='ltr'>hac</span> <span class='ocrx_word' id='word_1_128' title='bbox 527 1724 697 1766; x_wconf 89' lang='lat' dir='ltr'>demum</span> <span class='ocrx_word' id='word_1_129' title='bbox 726 1723 917 1766; x_wconf 90' lang='lat' dir='ltr'>oratione</span> <span class='ocrx_word' id='word_1_130' title='bbox 935 1724 986 1766; x_wconf 90' lang='lat' dir='ltr'>ad</span> <span class='ocrx_word' id='word_1_131' title='bbox 1007 1724 1210 1780; x_wconf 82' lang='lat' dir='ltr'>hymnum</span> <span class='ocrx_word' id='word_1_132' title='bbox 1239 1723 1290 1766; x_wconf 91' lang='lat' dir='ltr'>de</span> <span class='ocrx_word' id='word_1_133' title='bbox 1317 1735 1443 1765; x_wconf 83' lang='lat' dir='ltr'>curru</span> <span class='ocrx_word' id='word_1_134' title='bbox 1475 1722 1526 1765; x_wconf 88' lang='lat' dir='ltr'>ab</span> 
     </span>
     <span class='ocr_line' id='line_1_18' title="bbox 98 1804 1528 1864; baseline -0.003 -13"><span class='ocrx_word' id='word_1_135' title='bbox 98 1808 308 1864; x_wconf 89' lang='lat' dir='ltr'>episcopis</span> <span class='ocrx_word' id='word_1_136' title='bbox 341 1805 421 1849; x_wconf 92' lang='lat' dir='ltr'>sibi</span> <span class='ocrx_word' id='word_1_137' title='bbox 459 1805 721 1862; x_wconf 91' lang='lat' dir='ltr'>propositum</span> <span class='ocrx_word' id='word_1_138' title='bbox 768 1817 1009 1861; x_wconf 82' lang='lat' dir='ltr'>regressus,</span> <span class='ocrx_word' id='word_1_139' title='bbox 1048 1817 1145 1847; x_wconf 90' lang='lat' dir='ltr'>eum</span> <span class='ocrx_word' id='word_1_140' title='bbox 1183 1805 1232 1847; x_wconf 91' lang='lat' dir='ltr'>ad</span> <span class='ocrx_word' id='word_1_141' title='bbox 1273 1804 1399 1846; x_wconf 84' lang='lat' dir='ltr'>finem</span> <span class='ocrx_word' id='word_1_142' title='bbox 1436 1816 1528 1859; x_wconf 89' lang='lat' dir='ltr'>per-</span> 
     </span>
     <span class='ocr_line' id='line_1_19' title="bbox 99 1890 1526 1947; baseline -0.003 -12"><span class='ocrx_word' id='word_1_143' title='bbox 99 1893 241 1944; x_wconf 81' lang='lat' dir='ltr'>duxit3</span> <span class='ocrx_word' id='word_1_144' title='bbox 271 1891 480 1947; x_wconf 88' lang='lat' dir='ltr'>simulque</span> <span class='ocrx_word' id='word_1_145' title='bbox 507 1891 751 1934; x_wconf 87' lang='lat' dir='ltr'>nunciatum</span> <span class='ocrx_word' id='word_1_146' title='bbox 776 1898 840 1933; x_wconf 89' lang='lat' dir='ltr'>est</span> <span class='ocrx_word' id='word_1_147' title='bbox 867 1891 1077 1947; x_wconf 88' lang='lat' dir='ltr'>episcopis</span> <span class='ocrx_word' id='word_1_148' title='bbox 1107 1891 1270 1934; x_wconf 81' lang='lat' dir='ltr'>Amidae</span> <span class='ocrx_word' id='word_1_149' title='bbox 1299 1890 1526 1934; x_wconf 86' lang='lat' dir='ltr'>excidium.</span> 
     </span>
    </p>
   </div>
   <div class='ocr_carea' id='block_1_4' title="bbox 100 2167 1531 2387">
    <p class='ocr_par' dir='ltr' id='par_1_4' title="bbox 100 2167 1531 2387">
     <span class='ocr_line' id='line_1_20' title="bbox 159 2167 1528 2211; baseline 0 -1"><span class='ocrx_word' id='word_1_150' title='bbox 159 2169 217 2210; x_wconf 90' lang='lat' dir='ltr'>Ita</span> <span class='ocrx_word' id='word_1_151' title='bbox 232 2167 401 2211; x_wconf 88' lang='lat' dir='ltr'>demum</span> <span class='ocrx_word' id='word_1_152' title='bbox 425 2167 570 2211; x_wconf 87' lang='lat' dir='ltr'>Jacobi</span> <span class='ocrx_word' id='word_1_153' title='bbox 596 2168 719 2210; x_wconf 92' lang='lat' dir='ltr'>dictis</span> <span class='ocrx_word' id='word_1_154' title='bbox 742 2167 865 2210; x_wconf 86' lang='lat' dir='ltr'>fidem</span> <span class='ocrx_word' id='word_1_155' title='bbox 889 2167 1132 2210; x_wconf 86' lang='lat' dir='ltr'>adhibuere.</span> <span class='ocrx_word' id='word_1_156' title='bbox 1164 2167 1270 2208; x_wconf 90' lang='lat' dir='ltr'>Tum</span> <span class='ocrx_word' id='word_1_157' title='bbox 1288 2179 1385 2209; x_wconf 91' lang='lat' dir='ltr'>vero</span> <span class='ocrx_word' id='word_1_158' title='bbox 1410 2179 1528 2210; x_wconf 88' lang='lat' dir='ltr'>sane-</span> 
     </span>
     <span class='ocr_line' id='line_1_21' title="bbox 101 2247 1528 2306; baseline -0.002 -14"><span class='ocrx_word' id='word_1_159' title='bbox 101 2257 168 2292; x_wconf 89' lang='lat' dir='ltr'>tus</span> <span class='ocrx_word' id='word_1_160' title='bbox 204 2250 266 2292; x_wconf 88' lang='lat' dir='ltr'>vir</span> <span class='ocrx_word' id='word_1_161' title='bbox 308 2249 359 2293; x_wconf 90' lang='lat' dir='ltr'>ad</span> <span class='ocrx_word' id='word_1_162' title='bbox 404 2263 600 2306; x_wconf 79' lang='lat' dir='ltr'>magnam</span> <span class='ocrx_word' id='word_1_163' title='bbox 647 2249 756 2305; x_wconf 91' lang='lat' dir='ltr'>apud</span> <span class='ocrx_word' id='word_1_164' title='bbox 797 2262 946 2292; x_wconf 86' lang='lat' dir='ltr'>omnes</span> <span class='ocrx_word' id='word_1_165' title='bbox 995 2248 1351 2292; x_wconf 83' lang='lat' dir='ltr'>existimationem</span> <span class='ocrx_word' id='word_1_166' title='bbox 1385 2247 1528 2298; x_wconf 89' lang='lat' dir='ltr'>venit,</span> 
     </span>
     <span class='ocr_line' id='line_1_22' title="bbox 100 2329 1531 2387; baseline -0.003 -13"><span class='ocrx_word' id='word_1_167' title='bbox 100 2331 308 2387; x_wconf 88' lang='lat' dir='ltr'>episcopis</span> <span class='ocrx_word' id='word_1_168' title='bbox 339 2331 429 2386; x_wconf 86' lang='lat' dir='ltr'>ejus</span> <span class='ocrx_word' id='word_1_169' title='bbox 458 2331 692 2374; x_wconf 85' lang='lat' dir='ltr'>doctrinam</span> <span class='ocrx_word' id='word_1_170' title='bbox 733 2330 1067 2387; x_wconf 83' lang='lat' dir='ltr'>approbantibus</span> <span class='ocrx_word' id='word_1_171' title='bbox 1087 2331 1125 2384; x_wconf 87' lang='lat'>,]</span> <span class='ocrx_word' id='word_1_172' title='bbox 1166 2342 1215 2373; x_wconf 92' lang='lat' dir='ltr'>eo</span> <span class='ocrx_word' id='word_1_173' title='bbox 1240 2329 1351 2384; x_wconf 89' lang='lat' dir='ltr'>quod</span> <span class='ocrx_word' id='word_1_174' title='bbox 1377 2329 1531 2372; x_wconf 88' lang='lat' dir='ltr'>intelli-</span> 
     </span>
    </p>
   </div>
   <div class='ocr_carea' id='block_1_5' title="bbox 101 2486 1531 2654">
    <p class='ocr_par' dir='ltr' id='par_1_5' title="bbox 101 2486 1531 2654">
     <span class='ocr_line' id='line_1_23' title="bbox 146 2486 1531 2534; baseline -0.003 -6"><span class='ocrx_word' id='word_1_175' title='bbox 146 2507 176 2529; x_wconf 94' lang='lat' dir='ltr'>v.</span> <span class='ocrx_word' id='word_1_176' title='bbox 207 2497 281 2529; x_wconf 87' lang='lat'><strong>168.</strong></span> <span class='ocrx_word' id='word_1_177' title='bbox 309 2497 376 2529; x_wconf 62' lang='lat' dir='ltr'>Vox</span> <span class='ocrx_word' id='word_1_178' title='bbox 410 2486 591 2534; x_wconf 53' lang='lat' dir='ltr'>lzvzossissn</span> <span class='ocrx_word' id='word_1_179' title='bbox 627 2497 660 2528; x_wconf 91' lang='lat' dir='ltr'>in</span> <span class='ocrx_word' id='word_1_180' title='bbox 690 2496 827 2528; x_wconf 87' lang='lat' dir='ltr'>Castelli</span> <span class='ocrx_word' id='word_1_181' title='bbox 856 2496 963 2527; x_wconf 72' lang='lat' dir='ltr'>lexico</span> <span class='ocrx_word' id='word_1_182' title='bbox 993 2496 1097 2527; x_wconf 81' lang='lat' dir='ltr'>deest.</span> <span class='ocrx_word' id='word_1_183' title='bbox 1139 2494 1319 2534; x_wconf 86' lang='lat' dir='ltr'>Reperitur</span> <span class='ocrx_word' id='word_1_184' title='bbox 1348 2495 1381 2526; x_wconf 88' lang='lat' dir='ltr'>in</span> <span class='ocrx_word' id='word_1_185' title='bbox 1407 2494 1531 2526; x_wconf 71' lang='lat' dir='ltr'>chrest.</span> 
     </span>
     <span class='ocr_line' id='line_1_24' title="bbox 101 2550 1529 2596; baseline -0.004 -10"><span class='ocrx_word' id='word_1_186' title='bbox 101 2554 222 2586; x_wconf 86' lang='lat' dir='ltr'>Hahnii</span> <span class='ocrx_word' id='word_1_187' title='bbox 255 2554 382 2596; x_wconf 76' lang='lat' dir='ltr'>hymno</span> <span class='ocrx_word' id='word_1_188' title='bbox 413 2553 505 2591; x_wconf 81' lang='lat' dir='ltr'>VH,</span> <span class='ocrx_word' id='word_1_189' title='bbox 533 2560 566 2586; x_wconf 92' lang='lat' dir='ltr'>et</span> <span class='ocrx_word' id='word_1_190' title='bbox 594 2555 626 2585; x_wconf 93' lang='lat' dir='ltr'>in</span> <span class='ocrx_word' id='word_1_191' title='bbox 658 2553 825 2594; x_wconf 83' lang='lat' dir='ltr'>Ephraemi</span> <span class='ocrx_word' id='word_1_192' title='bbox 856 2561 996 2584; x_wconf 68' lang='lat' dir='ltr'>esu-mm.</span> <span class='ocrx_word' id='word_1_193' title='bbox 1021 2550 1120 2583; x_wconf 71' lang='lat' dir='ltr'>nisit).</span> <span class='ocrx_word' id='word_1_194' title='bbox 1150 2551 1297 2591; x_wconf 87' lang='lat' dir='ltr'>pluries;</span> <span class='ocrx_word' id='word_1_195' title='bbox 1327 2556 1422 2583; x_wconf 87' lang='lat' dir='ltr'>notat</span> <span class='ocrx_word' id='word_1_196' title='bbox 1451 2558 1529 2582; x_wconf 79' lang='lat' dir='ltr'>vero</span> 
     </span>
     <span class='ocr_line' id='line_1_25' title="bbox 102 2610 745 2654; baseline -0.003 -10"><span class='ocrx_word' id='word_1_197' title='bbox 102 2614 136 2644; x_wconf 88' lang='lat'>1⁰</span> <span class='ocrx_word' id='word_1_198' title='bbox 160 2612 287 2644; x_wconf 72' lang='lat' dir='ltr'>nuncia</span> <span class='ocrx_word' id='word_1_199' title='bbox 311 2610 493 2654; x_wconf 75' lang='lat' dir='ltr'>infausta,</span> <span class='ocrx_word' id='word_1_200' title='bbox 520 2612 556 2644; x_wconf 74' lang='lat'>2⁰</span> <span class='ocrx_word' id='word_1_201' title='bbox 580 2613 745 2654; x_wconf 77' lang='lat' dir='ltr'>querelas.</span> 
     </span>
    </p>
   </div>
  </div>
 </body>
</html>
