1931 3239
588 183 783 211 SYRORUM
808 185 909 211 His'r.
936 185 1039 211 LITT.
1490 175 1527 208 21

97 284 264 328 operam
295 281 498 316 navarunt
519 305 529 324 ,
570 274 683 329 iique
717 274 870 317 molem
899 275 1166 317 constituunt
1205 287 1287 317 non
1320 275 1528 331 exiguam.

96 344 286 394 Verum,
331 358 383 388 ne
433 345 591 388 diutius
645 347 697 388 ab
748 355 998 402 argumento
1053 355 1200 391 nostro
1244 347 1529 395 dimoremur,

95 416 180 459 haeo
222 416 264 458 in
323 416 509 472 sutJJocta
551 425 649 459 nota
691 417 736 473 (1)
784 432 907 474 qnam
951 418 1196 462 brevissime
1246 420 1528 475 perstringere

95 489 352 537 maluimus,
392 497 433 531 et
467 488 578 532 illico
615 497 769 533 nostrae
802 490 853 533 de
885 492 1042 534 Jacobo
1078 491 1304 548 Sarugensi
1343 491 1528 546 disputa-

95 566 221 601 tionis
258 566 423 600 initium
459 559 682 615 auspicari.

139 706 180 746 (t)
209 706 256 737 En
292 706 406 746 itaque
444 707 555 747 aliqua
592 713 704 739 vetera
732 707 925 747 hujusmodi
951 708 1154 740 documenta
1181 716 1222 739 ex
1250 707 1289 739 iis
1315 716 1389 748 quae
1417 716 1527 747 nuper

92 764 181 796 edita
216 765 351 796 suerunt
392 774 400 796 τ
437 765 474 805 α)
514 763 696 797 Clementis
734 767 872 797 romani
909 766 1062 808 epistolae
1099 766 1186 798 bime
1229 766 1269 797 de
1313 765 1529 809 Viryinieate

91 823 238 863 syriace,
268 831 351 863 quas
376 823 414 854 ad
444 822 544 855 fidem
571 823 646 856 cod.
676 833 734 855 ins.
763 824 1096 861 amstelodamensis‚
1118 824 1242 856 additis
1267 825 1355 856 notis
1381 825 1523 861 criticis,

90 879 322 920 philologieis,
353 880 543 921 theologis,
572 887 603 912 et
642 889 725 913 nova
755 882 1037 922 interpretatione
1076 881 1204 919 latina,
1244 881 1350 913 edidit
1383 881 1527 913 Joannes

88 935 285 968 Theodorus
323 936 470 974 Beelen,
510 936 544 968 in
582 938 672 968 univ.
712 938 799 969 cath.
843 938 951 970 lovan.
979 938 1011 969 S.
1038 937 1160 977 Script.
1186 942 1218 969 et
1257 938 1362 979 iingg.
1387 938 1524 970 orientt.

89 992 173 1033 prof.
200 992 272 1024 ord.
299 993 457 1030 Lovanii,
488 992 587 1025 1856.

135 1049 167 1088 b)
197 1047 266 1080 lee
290 1047 394 1090 festal
419 1050 535 1081 letters
563 1045 603 1090 of
626 1047 869 1087 Athanasius,
896 1050 1090 1081 discovered
1118 1050 1150 1080 in
1177 1058 1218 1081 an
1257 1050 1394 1081 ancient
1419 1051 1526 1091 syriae

87 1106 244 1144 version,
282 1107 347 1139 and
375 1107 488 1139 edited
517 1106 597 1138 with
624 1116 640 1138 a
669 1106 804 1139 Preface
832 1107 871 1148 by
910 1107 969 1139 the
1001 1107 1080 1139 Rev.
1108 1107 1159 1137 W.
1186 1108 1357 1144 Cureton‚
1387 1108 1524 1140 London

89 1164 188 1195 1848.
217 1181 260 1186 -—
287 1164 369 1195 Item
394 1162 427 1195 S.
456 1162 646 1195 Athanasii
680 1164 832 1204 epistolae
869 1162 1007 1205 festales
1037 1163 1172 1206 syriace
1208 1166 1239 1194 et
1268 1163 1400 1201 latine,
1426 1165 1526 1197 editae

85 1221 128 1252 ab
155 1222 282 1262 Angelo
308 1222 370 1253 Mai
397 1222 429 1253 in
458 1220 553 1254 Nova
580 1221 741 1253 Bibliotlz.
763 1221 933 1258 Parrum,
963 1228 1043 1254 tom.
1072 1223 1122 1253 Vl.
1150 1223 1260 1254 Romae
1289 1223 1385 1255 1853.
1402 1223 1524 1255 —Cfr.

86 1277 112 1309 J.
141 1278 177 1309 H.
208 1279 425 1315 Petermann‚
456 1276 490 1309 S.
517 1276 651 1320 lqnatii
666 1278 781 1319 patris
807 1278 986 1320 apostolici
1011 1288 1085 1321 quae
1107 1277 1337 1320 proferuntur
1361 1279 1524 1321 epistolae.

87 1336 207 1376 Lipsiae
234 1336 342 1375 1849;
359 1337 498 1368 -item
515 1337 687 1368 Curetonii
713 1345 836 1378 corpus
862 1336 1094 1379 iynatiammz.
1120 1337 1243 1368 Berlin.
1273 1337 1372 1369 1849.

132 1393 163 1432 c)
187 1391 221 1424 S.
251 1391 377 1435 Gya-itti
402 1393 440 1424 in
466 1391 565 1425 Lucoe
590 1391 816 1436 Evanyelium
842 1393 1087 1425 commentaria
1112 1394 1240 1435 syriace
1266 1403 1284 1426 e
1310 1403 1387 1426 mss.
1416 1394 1524 1426 edidit

86 1450 124 1482 R.
152 1451 184 1482 P.
212 1450 320 1482 Smith
337 1475 346 1488 ,
373 1450 523 1482 London.
553 1450 651 1482 1858.

130 1506 168 1544 d)
196 1505 332 1539 Eusebia·
358 1505 596 1539 Caesaroee'nsis
622 1506 757 1549 history
796 1505 838 1548 of
857 1507 912 1538 the
936 1510 1090 1549 marcyrs
1115 1507 1152 1539 in
1181 1506 1381 1546 palestine,
1407 1509 1521 1541 edited

85 1563 150 1595 and
191 1564 376 1596 translated
413 1565 483 1596 into
519 1564 651 1604 english
680 1565 722 1605 by
748 1563 798 1594 W.
827 1564 995 1601 Cureton‚
1039 1565 1177 1596 London
1207 1565 1307 1597 1861.
1336 1566 1405 1598 Hoc
1437 1575 1522 1608 opus

85 1619 195 1652 editor
222 1630 253 1661 p.
279 1629 310 1652 v]
339 1625 454 1653 censet
479 1620 583 1652 fuisse
610 1621 767 1662 primitus
795 1629 902 1661 graeca
932 1621 1045 1661 lingua
1071 1622 1311 1663 conscriptum.

129 1676 158 1716 e)
178 1673 362 1708 clementes
381 1675 528 1709 Romani
545 1676 791 1719 recoynitiones
808 1676 959 1719 syriace,
983 1677 1104 1709 Paulus
1122 1678 1286 1711 Antonius
1311 1678 1353 1711 de
1370 1679 1521 1720 Lagarde

84 1733 203 1764 edidit.
233 1734 354 1774 Lipsiae
382 1734 478 1765 1861.

129 1787 159 1830 s)
185 1787 374 1827 Eusebius,
414 1788 546 1832 Bishop
585 1788 627 1831 of
660 1787 838 1828 Gcesarea,
876 1799 919 1822 on
956 1789 1013 1821 the
1053 1789 1291 1832 Theoplzania.
1330 1790 1361 1823 A
1398 1790 1520 1835 Syriae

81 1845 240 1883 version,
271 1846 383 1878 edited
413 1847 455 1888 by
481 1847 616 1879 Samuel
645 1848 728 1885 Lee,
757 1849 895 1880 London
928 1849 1024 1879 1842).

126 1902 165 1944 9)
191 1903 225 1934 P.
251 1904 417 1943 Lagardii‚
444 1902 614 1936 Analecta
637 1905 798 1946 syriaca,
828 1906 947 1946 Lipsiae
963 1930 970 1942 ,
1002 1905 1098 1936 1858.

128 1957 165 1996 h)
195 1959 229 1990 in
269 1960 443 1993 Curetonii
467 1958 649 2004 Spicileqio
682 1962 817 2004 syriaco
855 1962 1042 2003 fragmenta
1075 1960 1247 1994 Melitonis
1272 1967 1306 1994 et
1334 1962 1517 1996 Ambrosii.

82 2015 233 2048 London.
267 2017 363 2049 1855.
