1931 3239
398 190 435 223 lO
965 195 1252 222 INTRODUCTIO.

395 289 693 346 Mesopotamia
720 289 919 332 famosus.
950 288 1048 330 Fuit
1082 289 1152 330 ille
1189 289 1349 344 patria,
1387 287 1445 329 uti
1484 287 1662 337 videtur,
1698 289 1821 330 Edes-

394 375 513 404 senus
530 360 574 417 (1)
593 367 635 403 et
661 367 820 403 tantam
843 358 922 401 sibi
946 358 1150 401 doctrinae
1170 359 1334 401 laudem
1363 358 1598 413 acquisivit,
1618 365 1662 400 ut
1684 371 1821 413 aequa·

394 433 453 476 les
480 445 629 475 omnes
659 431 766 487 apud
795 430 974 486 gentiles
1003 443 1103 472 suos
1127 430 1370 473 celebritate
1396 430 1514 472 facile
1545 430 1820 484 superaverit.

395 505 607 548 Adversus
635 502 909 545 deliramenta
949 502 1246 545 Gnosticorum
1275 509 1316 545 et
1346 509 1491 545 contra
1530 502 1819 545 Chaldaeorum

392 576 700 632 astrologorum
735 587 926 623 errores,
961 573 1032 628 qui
1062 573 1103 615 in
1132 573 1213 616 illis
1247 574 1434 629 partibus
1469 573 1699 615 multorum
1733 573 1822 615 ani-

393 660 484 690 mos
522 647 776 695 infecerant,
816 658 911 688 cum
953 644 1074 687 initio
1116 652 1288 687 strenue
1322 645 1600 694 decertasset,
1652 644 1821 686 tandem

393 721 481 776 ipse
514 720 556 762 in
585 719 776 762 haeresim
807 718 947 774 lapsus
975 717 1046 759 tali
1077 717 1280 759 orationis
1311 717 1345 758 vi
1376 724 1417 760 et
1452 717 1650 759 dictionis
1680 717 1822 771 lepore

392 790 492 833 l'alsa
517 803 590 832 sua
623 790 817 844 dogmata
839 788 1080 844 proposuit,
1102 795 1148 830 ut
1178 788 1359 830 asseclas
1383 801 1466 830 non
1494 801 1647 842 paucos
1673 795 1820 829 nactus

392 860 627 903 fundaverit
676 859 1067 902 Bardesanistarum
1110 866 1291 907 sectam,
1336 866 1482 900 contra
1522 871 1646 913 quam
1682 858 1822 913 plures

390 932 693 975 catholicorum
716 931 921 973 calamum
958 929 1120 971 acuisse
1151 929 1387 971 traduntur.
1411 929 1525 970 Inter
1557 929 1649 971 illos
1679 936 1819 971 autem

390 1003 652 1046 orthodoxiae
685 1002 928 1045 defensores
961 1001 1154 1056 princeps
1179 1000 1340 1042 exstitit
1368 1000 1409 1042 S.
1447 1000 1716 1054 Eplirtemus,
1749 1001 1820 1054 qui

392 1082 436 1116 ut
472 1082 632 1130 pestem
664 1073 777 1115 illam
813 1072 1026 1121 aboleret,
1064 1078 1156 1126 post
1191 1071 1369 1113 duorum
1409 1071 1538 1112 ferme
1571 1069 1819 1112 saeculorum

391 1151 597 1195 tractum,
628 1144 911 1186 Bardesanem
943 1143 984 1183 in
1019 1141 1236 1197 discipulis
1270 1141 1541 1196 superstitem
1577 1141 1665 1182 suis
1689 1140 1820 1195 ipsius

391 1215 519 1258 armis
556 1215 798 1266 debellans,
843 1214 990 1257 eodem
1028 1213 1192 1270 poetico
1239 1212 1405 1255 dicendi
1441 1225 1595 1269 genere
1629 1225 1712 1267 quo
1753 1211 1821 1254 ille

394 1377 520 1407 «Anno
544 1375 630 1413 465,
662 1375 717 1406 die
744 1375 800 1406 11³
826 1373 906 1414 julii
926 1376 1023 1404 natus
1055 1377 1105 1405 est
1130 1371 1376 1403 Bardesanes.»
1405 1372 1505 1403 Porro
1527 1379 1634 1402 annus
1661 1371 1718 1403 ille
1746 1379 1821 1402 {erae

390 1433 645 1466 Seleucidarum
679 1433 779 1464 465us
804 1431 965 1464 coincidit
995 1441 1036 1464 ex
1070 1431 1315 1462 Edessenorum
1347 1430 1515 1462 sententia
1547 1429 1717 1461 communi
1744 1437 1821 1461 cuin

390 1493 427 1523 A.
469 1492 503 1523 D.
544 1491 633 1529 156,
670 1490 749 1530 quia
789 1490 951 1530 epocham
988 1490 1086 1521 istam
1123 1488 1246 1520 Christi
1285 1488 1459 1519 nativitate
1497 1487 1594 1518 annis
1630 1487 1694 1518 509
1734 1487 1822 1528 prio-

389 1557 460 1580 rem
488 1557 561 1580 esse
586 1547 826 1588 opinabantur.
855 1548 998 1585 Verum,
1025 1555 1065 1578 ex
1097 1546 1169 1585 ipso
1197 1543 1367 1576 Chronico
1394 1545 1524 1585 liquido
1555 1549 1718 1585 apparet,
1745 1552 1821 1576 cum

389 1606 468 1636 hinc
494 1605 589 1636 ilIInc
614 1603 848 1635 lndz'ctionum
875 1604 1082 1636 notationem
1110 1609 1143 1634 et
1169 1603 1291 1642 passim
1325 1607 1508 1633 eventuum
1541 1601 1679 1633 aliunde
1704 1602 1822 1641 cogni-

391 1667 500 1694 torum
529 1667 663 1702 tempus
688 1661 866 1699 exhibeat,
895 1661 1058 1701 epocham
1084 1659 1309 1691 Christianam
1338 1659 1511 1699 vulgarem
1541 1668 1580 1691 ex
1608 1659 1682 1698 ejus
1709 1664 1822 1691 mente

391 1718 611 1758 posteriorem
649 1725 723 1749 esse
758 1724 824 1748 aera
858 1717 1050 1749 Graecorum
1089 1716 1185 1747 annis
1219 1714 1378 1746 trecentis
1417 1715 1599 1751 undecim,
1639 1723 1705 1746 non
1743 1724 1821 1746 vero

391 1774 551 1805 trecentis
587 1783 716 1804 novem.
743 1773 810 1805 Csr.
838 1773 871 1804 B.
898 1774 935 1805 Ο.
963 1773 994 1810 I,
1023 1783 1053 1813 p.
1081 1773 1156 1804 587.
1184 1772 1281 1804 Juxta
1314 1772 1400 1803 hanc
1425 1780 1505 1812 ergo
1542 1773 1817 1812 supputationem

390 1830 595 1862 Bardesanes
630 1836 728 1861 natus
767 1830 869 1861 fuerit
902 1838 990 1861 anno
1030 1829 1160 1861 Domini
1193 1829 1264 1860 ¹54.
1294 1828 1414 1859 Verum
1448 1828 1567 1868 probat
1610 1829 1703 1859 Hahn
1748 1828 1818 1860 haec

389 1895 529 1918 erronea
555 1895 628 1919 esse
654 1891 687 1918 et
714 1886 869 1927 pluribus
894 1886 991 1917 annis
1015 1890 1093 1917 ante
1118 1894 1242 1916 annum
1265 1885 1326 1916 154
1348 1884 1567 1916 Bardesanem
1596 1885 1680 1916 hanc
1707 1885 1816 1916 lucem

388 1944 581 1984 aspexisse,
612 1944 647 1975 in
677 1943 841 1984 opusculo
875 1944 928 1975 cui
958 1943 1078 1974 titulus
1107 1954 1114 1975 :
1146 1941 1360 1973 Bardesmaes
1389 1941 1564 1984 gnosticas
1593 1940 1656 1973 etcss
1690 1952 1743 1982 pp.
1778 1943 1819 1974 15

390 2005 424 2031 et
451 2000 504 2031 16.

436 2056 478 2096 (a)
504 2056 534 2087 S.
554 2055 782 2096 Epiphanius,
810 2055 843 2086 in
862 2054 919 2086 lib.
938 2054 1015 2086 adv.
1034 2055 1116 2087 ltoer.
1135 2055 1197 2092 56,
1222 2059 1255 2091 t,
1277 2055 1376 2095 Mign.
1400 2054 1487 2093 XLI,
1516 2054 1601 2091 989,
1621 2055 1664 2085 ita
1691 2054 1792 2085 hahet
1810 2064 1817 2086 :

387 2104 434 2150 Ὁ
474 2108 736 2168 Βαρδησιάνης
771 2110 814 2150 ἐκ
850 2108 1143 2164 Μεσοποταμίας
1176 2107 1246 2162 μὲν
1283 2108 1321 2148 τὸ
1357 2110 1459 2164 γένος
1495 2103 1567 2161 riv,
1605 2117 1676 2149 τῶν
1714 2111 1816 2149 κατὰ

387 2177 452 2223 τὴν
486 2168 721 2223 Έδεσσηνῶν
766 2172 872 2214 πόλιν
916 2175 1200 2214 κατοικούντων.
1230 2180 1368 2212 —Huic
1392 2186 1552 2212 consonat
1581 2181 1816 2213 Theodoretus

386 2237 623 2270 haereticarum
647 2235 849 2279 fabularum
873 2237 1064 2277 compendii
1090 2238 1147 2268 lil).
1181 2236 1207 2272 Ι,
1234 2237 1299 2273 22,
1333 2238 1463 2277 Migne,
1495 2242 1517 2268 t.
1549 2238 1718 2274 LXXXIII,
1749 2236 1814 2270 57:

387 2287 634 2347 Βαρδησάνης
673 2287 715 2331 δὲ
749 2293 767 2330 ὁ
802 2290 918 2348 Σῦρος
956 2292 998 2340 ἐξ
1027 2283 1211 2337 Ἐδέσσης
1243 2293 1455 2348 ὁρμώμενος
1484 2306 1522 2331 εν
1561 2306 1633 2337 τοις
1667 2289 1816 2349 Οὐήρου

388 2353 552 2411 Μάρκου
578 2355 770 2412 Καιόαρος
797 2350 953 2410 ἤκμασε
985 2358 1143 2413 χρόνοις.
1181 2365 1302 2395 Verum
1335 2365 1517 2405 Gregorius
1542 2365 1815 2406 Abulpharagius

389 2418 489 2457 paulo
508 2418 607 2448 aliter
632 2418 750 2448 scribit
768 2417 801 2449 in
819 2417 975 2450 Historia
992 2419 1229 2460 compendiosa
1246 2420 1500 2462 dynastiarum,
1529 2423 1608 2462 Dyn.
1624 2421 1677 2453 Vll
1693 2446 1700 2458 ,
1720 2421 1814 2453 arab.

390 2484 419 2515 p.
451 2476 533 2511 125,
564 2476 666 2506 latine
684 2485 715 2516 p.
735 2476 789 2507 79.
811 2476 895 2516 (Ed.
922 2478 1073 2509 Pocockii
1092 2478 1210 2510 Oxonii
1239 2480 1345 2515 1623,
1375 2485 1455 2511 tom.
1485 2480 1531 2517 ll,
1557 2480 1599 2519 4)
1625 2480 1682 2511 ubi
1713 2479 1815 2511 tradit

393 2529 570 2601 &Lago
607 2533 696 2601 &l
729 2542 803 2575 Ebn
833 2543 945 2577 Disan
971 2551 1086 2578 natum
1112 2555 1186 2579 esse
1214 2547 1255 2579 ad
1281 2548 1418 2580 fluvium
1446 2548 1542 2581 Disan
1566 2555 1667 2588 supra
1697 2548 1816 2581 urbem

387 2615 521 2649 Rolnam
544 2625 603 2650 seu
628 2616 797 2649 Edessam.
