1931 3239
333 190 392 223 14¹2
950 201 1076 226 CAPUT
1103 202 1142 226 11.

329 288 534 344 migravit.
573 288 691 330 Tunc
725 288 880 330 Paulus
911 289 961 331 de
996 290 1086 345 ejus
1117 290 1235 332 obitu
1265 291 1533 341 admonitus,
1578 292 1758 348 Moysem

328 359 552 415 quemdam
570 358 612 399 in
633 358 770 400 locum
795 358 884 414 ejus
903 359 1198 402 ordinavit.——
1216 360 1337 412 Haec,
1359 361 1529 417 inquam
1547 394 1556 411 ‚
1579 363 1761 405 narratio

328 431 428 473 falsa
461 431 777 472 demonstratur
816 444 867 472 ex
915 439 1152 487 temporum
1191 433 1302 474 notis
1339 446 1442 487 quas
1469 434 1762 477 subministrat

327 501 417 556 ipse
464 500 705 555 Dionysius.
741 501 986 544 Acciderint
1038 503 1150 544 enim
1195 517 1306 545 anno
1354 504 1594 547 Graecorum
1645 507 1761 557 855;

326 580 452 627 atque
487 572 642 614 Paulus
683 572 808 614 fuerit
855 573 1009 616 Severo
1048 573 1090 615 in
1135 574 1307 616 exilium
1350 575 1525 630 depulso
1572 575 1612 617 in
1662 577 1762 619 sede

326 644 578 685 antiochena
639 643 840 686 suffectus
888 657 1000 687 anno
1042 646 1161 694 851,
1206 653 1247 687 et
1298 653 1391 700 post
1429 659 1586 688 annum
1631 660 1761 690 unum

327 724 464 758 morte
499 714 705 757 sublatus.
741 716 872 771 igitur
916 716 1034 771 juxta
1077 717 1350 773 Dionysium,
1392 719 1545 760 Paulus
1591 719 1762 762 defunc-

330 795 395 829 tus
436 793 500 828 est
537 797 648 828 anno
690 787 778 829 852
822 786 1098 838 Graecorum3
1134 788 1309 843 proinde
1357 802 1439 832 non
1479 790 1616 845 potuit
1651 803 1762 833 anno

326 857 521 913 sequenti
557 870 632 899 seu
680 861 797 908 855,
831 858 1080 914 Sarugensis
1107 859 1157 901 ad
1192 860 1366 901 Paulum
1407 862 1618 915 profectus
1646 874 1762 911 esse,

327 928 535 984 siquidem
558 930 592 971 is
615 929 801 985 tumjam
827 930 1043 972 mensibus
1067 930 1216 973 saltem
1236 931 1426 986 pluribus
1444 944 1467 974 e
1495 932 1595 974 vivis
1622 945 1764 975 exces-

326 1009 450 1050 serat„
486 1002 594 1044 Hinc
640 1019 659 1041 (ι
693 1002 908 1057 probabile
947 1009 1011 1044 est
1045 1002 1290 1059 Dionysium
1328 1011 1542 1046 auctorem
1577 1004 1761 1059 alioquin

330 1091 347 1113 (ι
388 1075 544 1116 bonum
588 1082 630 1116 et
673 1083 943 1122 accuratum,
985 1074 1083 1116 falsa
1129 1074 1266 1129 aliqua
1321 1089 1494 1118 suorum
1541 1076 1762 1132 gentilium

330 1164 347 1185 ι(
389 1146 591 1188 relatione
627 1146 881 1201 deceptum,
920 1146 997 1188 ista
1034 1158 1120 1188 suae
1152 1147 1434 1204 chronologiae
1471 1149 1764 1204 imprudenter

330 1234 348 1256 (t
387 1218 617 1260 inseruisse
650 1218 710 1272 (1).
741 1233 760 1256 »

388 1288 431 1330 Si
471 1288 564 1343 quis
604 1287 734 1330 nihilo
775 1288 915 1330 minus
954 1287 1243 1330 difficultatem
1286 1287 1410 1330 vellet
1448 1301 1626 1344 urgere,
1656 1288 1763 1331 ‘inde

329 1360 499 1415 petitam
527 1360 639 1416 quod
672 1359 886 1415 jacobitici
917 1368 1110 1403 auctores
1150 1373 1302 1416 magno
1342 1374 1518 1403 numero
1554 1360 1762 1417 Sarugen-

328 1446 415 1475 sem
435 1433 560 1475 veluti
584 1441 709 1475 sectae
736 1445 822 1475 suae
840 1441 1032 1475 sanetum
1054 1433 1355 1488 doctoremque
1380 1433 1555 1475 recitant
1580 1442 1619 1475 et
1639 1447 1762 1476 vene-

331 1512 497 1553 rantur,
520 1504 561 1546 in
587 1512 783 1560 promptu
808 1512 897 1554 est,
918 1511 1066 1560 praeter
1086 1504 1287 1547 directam
1314 1505 1439 1547 modo
1465 1505 1759 1560 proferendam

328 1575 418 1632 ejus
468 1576 730 1618 orthodoxiae
769 1576 1198 1625 demonstrationem,
1229 1589 1276 1619 ea
1310 1590 1434 1633 quam
1475 1590 1599 1632 supra
1644 1577 1761 1632 posui

327 1648 648 1699 animadversio,
678 1648 877 1690 nlmirum
896 1649 989 1691 illos
1010 1657 1214 1704 perpetuo
1238 1657 1428 1705 satagere
1451 1656 1495 1691 ut
1512 1649 1617 1692 alios
1635 1649 1762 1691 etiam

328 1728 467 1775 patres
497 1728 611 1762 certe
644 1719 874 1762 catholicos
896 1719 947 1762 ad
978 1732 1069 1762 sese
1107 1721 1364 1775 pertrahant,
1399 1728 1470 1762 aut
1501 1720 1580 1762 sibi
1613 1720 1760 1763 saltem

331 1805 416 1834 nou
446 1792 606 1833 alienos
642 1792 903 1846 perhibeant.
929 1791 1057 1847 Cujus
1087 1800 1225 1834 autem
1258 1793 1312 1833 rei
1336 1824 1345 1841 ‚
1368 1800 1518 1847 praeter
1552 1792 1762 1834 inscitiam

327 1872 368 1906 et
399 1863 548 1905 malam
578 1863 702 1905 tidem
725 1895 734 1911 ,
770 1876 894 1905 causa
932 1863 1136 1918 assignari
1173 1871 1308 1918 potest
1341 1863 1429 1918 ipsa
1472 1863 1513 1905 in
1558 1863 1681 1906 rebus
1709 1864 1761 1906 ad

327 1936 572 1991 religionem
606 1936 897 1991 spectantibus
926 1936 1105 1985 incuria3
1133 1936 1217 1977 haec
1245 1935 1357 1978 enim
1388 1935 1495 1991 apud
1528 1936 1760 1986 haereticos,

327 2008 396 2051 ubi
430 2008 558 2050 semel
597 2021 618 2049 a
649 2007 777 2063 rigida
816 2007 908 2049 fidei
943 2007 1083 2063 regula
1132 2007 1378 2049 defecerunt
1410 2016 1452 2050 et
1486 2008 1617 2063 prima
1662 2020 1761 2050 con-

328 2079 529 2122 tendendi
562 2079 755 2121 alacritas
788 2079 918 2127 abiit,
951 2078 1051 2120 oriri
1083 2070 1351 2134 et'ingruere
1379 2086 1474 2121 nata
1511 2086 1588 2121 est.

388 2152 509 2207 Apud
558 2151 769 2194 Jacobitas
820 2164 918 2194 vero
956 2151 994 2192 id
1038 2151 1241 2194 accidisse
1289 2151 1550 2194 considerata
1594 2151 1651 2194 rei
1691 2163 1761 2193 na-

327 2231 417 2265 tura
451 2235 534 2264 non
587 2222 712 2264 modo
766 2221 981 2277 probabile
1027 2229 1118 2271 est,
1168 2222 1240 2264 sed
1291 2221 1548 2276 experientia
1596 2229 1761 2264 constat

327 2302 368 2336 et
420 2294 538 2336 factis
580 2306 725 2335 eorum
759 2293 830 2347 qui
871 2293 933 2335 vel
976 2293 1156 2335 maxime
1189 2292 1392 2334 doctrinae
1428 2300 1469 2335 et
1511 2292 1761 2334 eruditionis

329 2365 449 2408 laude
486 2365 744 2408 claruerunt.
783 2363 921 2406 Testis
954 2372 1018 2406 est
1053 2363 1246 2419 exemplo
1281 2376 1359 2406 suo
1398 2364 1624 2419 Gregorius
1662 2365 1760 2407 Bar-

329 2436 546 2485 hehraeu3‚
584 2435 856 2490 maphrianus
888 2434 933 2491 (e)
971 2435 1057 2477 sive
1094 2435 1247 2489 primas
1277 2434 1481 2484 orientis,
1514 2436 1624 2490 apud
1660 2449 1760 2478 suos

374 2574 399 2612 (ι
445 2574 476 2605 Β.
505 2573 543 2605 O.
572 2573 606 2609 l,
635 2572 713 2605 299.

376 2576 417 2677 (εἴ
446 2634 700 2678 Maphrianus,
734 2616 890 2678 {3:335}
917 2635 990 2676 (sic
1016 2635 1125 2668 dictus
1151 2635 1193 2666 ab
1219 2615 1323 2677 „221⁹
1348 2631 1583 2675 Ῑὶεοῑιηάαυὶι)
1613 2634 1758 2675 primum
