1931 3239
587 165 754 191 CARMEN
779 166 805 191 11
833 166 881 191 ωε
907 166 940 191 1³.
969 165 1005 191 v.
1033 166 1074 191 M.
1487 156 1545 190 261

113 260 174 302 Ex
211 259 323 302 douo
365 259 476 315 quod
518 260 709 315 provenit
752 260 880 316 gratis
917 260 1010 315 quis
1044 273 1127 303 non
1170 260 1353 310 ditatur,
1380 267 1421 302 et
1452 259 1546 315 quis

111 355 195 385 non
224 341 456 385 delectatur
485 355 558 398 per
589 350 755 398 pastum
786 341 1030 385 vivificum?

168 448 302 490 Amor
338 446 537 490 delectari
573 446 689 488 novit
715 446 757 488 in
789 446 894 489 Filio
921 446 1021 496 Dei,
1052 446 1173 501 quia,
1204 447 1386 502 seposita
1427 459 1543 489 scru-

111 530 291 578 tatione,
322 529 512 584 quotidie
540 542 591 572 ex
618 541 669 572 eo
703 529 828 571 vitam
862 535 998 585 suget.

172 654 349 697 Carmen
390 653 523 696 laudis
557 654 692 697 amori
728 654 980 697 edicendum
1027 653 1300 709 proponitur,
1334 653 1405 696 sed
1444 653 1546 708 quin

110 743 322 779 scrutetur
351 744 421 778 aut
452 736 620 780 curiose
657 735 842 791 inquirat
870 735 1161 791 Unigenitum.
1191 734 1401 777 Admirari
1437 747 1545 789 quae-

111 817 164 859 rit
193 829 312 859 amor
343 816 384 858 in
415 816 525 867 filio,
555 829 640 859 non
672 829 772 859 vero
800 816 1002 867 serutari3
1035 816 1211 859 adorare
1243 815 1382 864 novit,
1411 815 1547 858 inves-

110 898 355 954 tigationem
391 905 531 941 autem
570 911 654 941 non
691 898 811 941 facile
839 898 1072 954 praesumit.

171 1021 381 1064 Habitavit
407 1021 448 1064 in
478 1021 638 1078 virgine
662 1022 935 1065 Admirabilis
966 1022 1036 1065 ille
1062 1021 1184 1078 plane
1216 1021 1543 1078 investigabilis,

110 1104 526 1160 obstrepueruntque
588 1103 801 1159 sapientes
859 1111 904 1145 ut
957 1103 1062 1146 viam
1109 1102 1200 1158 ejus
1247 1102 1545 1145 controversiis

109 1185 440 1242 investigarent3
487 1185 616 1229 exivit
654 1198 706 1228 ex
753 1193 901 1235 uter0‚
946 1185 1190 1240 relinquens
1231 1184 1445 1241 signacula
1501 1184 1542 1226 in

110 1276 222 1312 statu
252 1268 469 1326 virginali,
504 1276 546 1312 et
584 1269 723 1312 oborti
764 1276 863 1312 sunt
898 1280 1116 1312 sermones
1150 1267 1274 1324 plane
1308 1266 1546 1310 scandalosi

110 1353 162 1397 de
194 1353 285 1410 ejus
317 1354 547 1397 nativitate.

171 1447 298 1504 Virgo
337 1448 522 1504 peperit,
561 1454 854 1503 auxeruntque
890 1448 1085 1491 doctores
1118 1447 1434 1502 inquinamenta
1469 1459 1542 1488 sua

109 1530 264 1586 quibus
319 1542 405 1573 rem
457 1529 684 1581 irrideant,
737 1543 831 1587 quae
875 1543 959 1574 non
1005 1530 1085 1573 nisi
1131 1543 1227 1574 cum
1270 1530 1548 1573 admiratione

109 1612 216 1656 edici
248 1620 399 1670 potest.

171 1697 376 1739 Dominus
418 1705 565 1740 noster
597 1696 814 1754 ingressus
853 1705 918 1740 est
952 1697 1058 1740 viam
1085 1710 1178 1752 quae
1204 1696 1370 1739 excedit
1405 1696 1543 1752 inqui-

108 1778 285 1831 sitores;
318 1788 360 1824 et
393 1780 488 1836 quia
532 1793 629 1824 eum
663 1780 913 1836 inquirunt,
943 1792 1041 1823 ecee
1068 1787 1289 1822 versantur
1318 1779 1360 1822 in
1395 1778 1543 1822 delirio

108 1862 277 1906 erroris.

169 1943 296 1987 Maria
331 1944 552 1987 calumniis
584 1943 764 1986 afficitur
794 1956 815 1985 a
851 1943 1093 1999 longinquis
1128 1949 1170 1985 et
1204 1955 1225 1984 a
1265 1942 1538 1997 propinquis,

109 2026 363 2082 vapulatque
404 2026 537 2082 ipsius
576 2026 666 2069 laus
702 2033 790 2068 tum
827 2038 848 2068 a
882 2025 1062 2075 Judaeis‚
1102 2032 1188 2066 tum
1234 2037 1257 2066 a
1304 2023 1550 2080 gentilibus.

110 2108 172 2152 De
208 2120 255 2151 ea
292 2108 494 2150 falluntur
523 2107 657 2151 exteri
694 2115 736 2151 et
774 2106 1022 2157 familiares,
1055 2118 1103 2148 ae
1143 2105 1195 2148 de
1228 2117 1275 2148 ea
1312 2104 1544 2161 loquuntur

109 2191 231 2235 amici
259 2198 299 2234 et
331 2204 501 2241 osores,
528 2190 648 2247 juxta
676 2203 795 2233 suam
829 2190 1009 2245 quisque
1040 2188 1273 2231 libidinem,

110 2331 255 2363 Jacobus
269 2330 323 2363 hic
336 2335 370 2363 et
386 2330 418 2362 in
438 2339 531 2371 seqq.
547 2331 636 2371 agit,
651 2330 692 2362 ad
707 2329 877 2362 Christum
892 2337 965 2362 esse
983 2328 1218 2366 referendum,
1236 2331 1327 2368 patet
1344 2336 1382 2359 ex
1401 2327 1546 2359 authen-

109 2389 175 2420 tica
200 2388 481 2429 interpretatione
507 2389 599 2420 Mau.
627 2388 687 2426 lv,
717 2388 776 2425 14,
805 2396 846 2419 ex
875 2387 1008 2418 Patrum
1038 2391 1072 2417 et
1099 2385 1289 2417 ludaeorum
1315 2384 1545 2425 antiquiorum

109 2445 332 2483 auctoritate,
361 2445 504 2485 aliisque
541 2445 730 2477 rationibus
760 2443 1047 2480 hermeneuticis‚
1078 2442 1120 2474 de
1149 2442 1274 2482 quihus
1303 2440 1437 2473 erudite
1477 2441 1548 2481 agit

110 2503 207 2534 Laur.
231 2502 360 2535 Reinke
387 2502 422 2534 in
447 2502 587 2543 egregio
617 2510 678 2534 suo
707 2509 812 2541 opere
837 2510 845 2532 τ
870 2499 925 2532 die
960 2497 1230 2531 messianisclzen
1268 2496 1546 2539 Weissayunqen

109 2558 159 2590 bei
183 2558 248 2591 den
270 2569 412 2603 yrossen
438 2560 510 2592 und
536 2560 671 2593 kleinen
690 2558 886 2601 Proplzeeen
916 2557 974 2589 des
1003 2556 1045 2590 A.
1068 2556 1104 2588 Τ.
1124 2560 1203 2589 tom.
1232 2556 1267 2594 Ι,
1297 2565 1353 2596 pp.
1385 2555 1547 2587 ¹05-547.

113 2615 276 2654 Giessen,
307 2616 405 2649 1859.
