<?xml version="1.0" encoding="UTF-8"?>
<!DOCTYPE html PUBLIC "-//W3C//DTD XHTML 1.0 Transitional//EN"
    "http://www.w3.org/TR/xhtml1/DTD/xhtml1-transitional.dtd">
<html xmlns="http://www.w3.org/1999/xhtml" xml:lang="en" lang="en">
 <head>
  <title>
</title>
<meta http-equiv="Content-Type" content="text/html;charset=utf-8" />
  <meta name='ocr-system' content='tesseract 3.04.00' />
  <meta name='ocr-capabilities' content='ocr_page ocr_carea ocr_par ocr_line ocrx_word'/>
</head>
<body>
  <div class='ocr_page' id='page_1' title='image "./devitaetscriptis00abbeuoft_0309.png"; bbox 0 0 1931 3239; ppageno 0'>
   <div class='ocr_carea' id='block_1_1' title="bbox 569 152 1530 187">
    <p class='ocr_par' dir='ltr' id='par_1_1' title="bbox 569 152 1530 187">
     <span class='ocr_line' id='line_1_1' title="bbox 569 152 1530 187; baseline 0.002 -3"><span class='ocrx_word' id='word_1_1' title='bbox 569 160 736 186; x_wconf 78' lang='lat' dir='ltr'><strong>CARMEN</strong></span> <span class='ocrx_word' id='word_1_2' title='bbox 760 159 788 185; x_wconf 90' lang='lat'>11</span> <span class='ocrx_word' id='word_1_3' title='bbox 814 160 863 186; x_wconf 84' lang='lat' dir='ltr'>DE</span> <span class='ocrx_word' id='word_1_4' title='bbox 889 161 923 186; x_wconf 78' lang='grc' dir='ltr'>Β.</span> <span class='ocrx_word' id='word_1_5' title='bbox 954 160 988 185; x_wconf 84' lang='lat' dir='ltr'>v.</span> <span class='ocrx_word' id='word_1_6' title='bbox 1017 161 1058 186; x_wconf 83' lang='lat' dir='ltr'>M.</span> <span class='ocrx_word' id='word_1_7' title='bbox 1471 152 1530 187; x_wconf 71' lang='lat'>281</span> 
     </span>
    </p>
   </div>
   <div class='ocr_carea' id='block_1_2' title="bbox 97 250 1535 720">
    <p class='ocr_par' dir='ltr' id='par_1_2' title="bbox 97 250 1535 720">
     <span class='ocr_line' id='line_1_2' title="bbox 159 250 1534 308; baseline 0.001 -15"><span class='ocrx_word' id='word_1_8' title='bbox 159 250 323 307; x_wconf 83' lang='lat' dir='ltr'>Quippe</span> <span class='ocrx_word' id='word_1_9' title='bbox 357 251 561 307; x_wconf 85' lang='lat' dir='ltr'>cujusque</span> <span class='ocrx_word' id='word_1_10' title='bbox 599 251 689 302; x_wconf 83' lang='lat' dir='ltr'>via,</span> <span class='ocrx_word' id='word_1_11' title='bbox 724 265 805 307; x_wconf 89' lang='lat' dir='ltr'>qua</span> <span class='ocrx_word' id='word_1_12' title='bbox 838 252 1020 303; x_wconf 76' lang='lat' dir='ltr'>incedit,</span> <span class='ocrx_word' id='word_1_13' title='bbox 1055 251 1134 308; x_wconf 90' lang='lat' dir='ltr'>ipsi</span> <span class='ocrx_word' id='word_1_14' title='bbox 1172 264 1411 308; x_wconf 74' lang='lat' dir='ltr'>congruens</span> <span class='ocrx_word' id='word_1_15' title='bbox 1446 260 1534 302; x_wconf 89' lang='lat' dir='ltr'>est,</span> 
     </span>
     <span class='ocr_line' id='line_1_3' title="bbox 98 332 1533 390; baseline 0 -13"><span class='ocrx_word' id='word_1_16' title='bbox 98 346 145 377; x_wconf 88' lang='lat' dir='ltr'>ac</span> <span class='ocrx_word' id='word_1_17' title='bbox 179 332 298 389; x_wconf 88' lang='lat' dir='ltr'>juxta</span> <span class='ocrx_word' id='word_1_18' title='bbox 339 340 495 376; x_wconf 85' lang='lat' dir='ltr'>statum</span> <span class='ocrx_word' id='word_1_19' title='bbox 526 347 649 376; x_wconf 89' lang='lat' dir='ltr'>suum</span> <span class='ocrx_word' id='word_1_20' title='bbox 689 334 970 389; x_wconf 84' lang='lat' dir='ltr'>proficiscitur</span> <span class='ocrx_word' id='word_1_21' title='bbox 1024 342 1066 377; x_wconf 92' lang='lat' dir='ltr'>et</span> <span class='ocrx_word' id='word_1_22' title='bbox 1106 333 1218 377; x_wconf 87' lang='lat' dir='ltr'>vadit</span> <span class='ocrx_word' id='word_1_23' title='bbox 1246 333 1288 376; x_wconf 92' lang='lat' dir='ltr'>in</span> <span class='ocrx_word' id='word_1_24' title='bbox 1319 334 1380 377; x_wconf 89' lang='lat' dir='ltr'>via</span> <span class='ocrx_word' id='word_1_25' title='bbox 1409 348 1533 390; x_wconf 86' lang='lat' dir='ltr'>quam</span> 
     </span>
     <span class='ocr_line' id='line_1_4' title="bbox 99 415 1535 472; baseline 0 -14"><span class='ocrx_word' id='word_1_26' title='bbox 99 418 216 458; x_wconf 86' lang='lat' dir='ltr'>semel</span> <span class='ocrx_word' id='word_1_27' title='bbox 240 415 455 472; x_wconf 81' lang='lat' dir='ltr'>ingressus</span> <span class='ocrx_word' id='word_1_28' title='bbox 491 422 553 458; x_wconf 89' lang='lat' dir='ltr'>est</span> <span class='ocrx_word' id='word_1_29' title='bbox 588 430 597 456; x_wconf 77' lang='lat' dir='ltr'>t</span> <span class='ocrx_word' id='word_1_30' title='bbox 623 415 658 457; x_wconf 92' lang='lat' dir='ltr'>si</span> <span class='ocrx_word' id='word_1_31' title='bbox 689 415 811 471; x_wconf 88' lang='lat' dir='ltr'>inops</span> <span class='ocrx_word' id='word_1_32' title='bbox 847 423 909 458; x_wconf 91' lang='lat' dir='ltr'>est</span> <span class='ocrx_word' id='word_1_33' title='bbox 939 429 1033 458; x_wconf 88' lang='lat' dir='ltr'>cum</span> <span class='ocrx_word' id='word_1_34' title='bbox 1065 428 1115 458; x_wconf 91' lang='lat' dir='ltr'>eo</span> <span class='ocrx_word' id='word_1_35' title='bbox 1149 415 1339 471; x_wconf 75' lang='lat' dir='ltr'>graditur</span> <span class='ocrx_word' id='word_1_36' title='bbox 1370 415 1535 471; x_wconf 86' lang='lat' dir='ltr'>inopia;</span> 
     </span>
     <span class='ocr_line' id='line_1_5' title="bbox 99 496 1535 553; baseline 0 -11"><span class='ocrx_word' id='word_1_37' title='bbox 99 499 132 542; x_wconf 91' lang='lat' dir='ltr'>si</span> <span class='ocrx_word' id='word_1_38' title='bbox 155 498 270 542; x_wconf 89' lang='lat' dir='ltr'>dives</span> <span class='ocrx_word' id='word_1_39' title='bbox 293 506 382 548; x_wconf 88' lang='lat' dir='ltr'>est,</span> <span class='ocrx_word' id='word_1_40' title='bbox 409 497 586 549; x_wconf 86' lang='lat' dir='ltr'>nobilis,</span> <span class='ocrx_word' id='word_1_41' title='bbox 608 511 692 540; x_wconf 90' lang='lat' dir='ltr'>non</span> <span class='ocrx_word' id='word_1_42' title='bbox 714 505 852 541; x_wconf 86' lang='lat' dir='ltr'>autem</span> <span class='ocrx_word' id='word_1_43' title='bbox 877 498 1067 541; x_wconf 85' lang='lat' dir='ltr'>occultus</span> <span class='ocrx_word' id='word_1_44' title='bbox 1090 505 1153 540; x_wconf 91' lang='lat' dir='ltr'>est</span> <span class='ocrx_word' id='word_1_45' title='bbox 1174 496 1264 552; x_wconf 84' lang='lat' dir='ltr'>ejus</span> <span class='ocrx_word' id='word_1_46' title='bbox 1285 510 1507 553; x_wconf 80' lang='lat' dir='ltr'>processus</span> <span class='ocrx_word' id='word_1_47' title='bbox 1526 516 1535 551; x_wconf 90' lang='lat'>;</span> 
     </span>
     <span class='ocr_line' id='line_1_6' title="bbox 98 579 1535 637; baseline -0.001 -13"><span class='ocrx_word' id='word_1_48' title='bbox 98 581 133 624; x_wconf 90' lang='lat' dir='ltr'>si</span> <span class='ocrx_word' id='word_1_49' title='bbox 169 588 308 624; x_wconf 88' lang='lat' dir='ltr'>autem</span> <span class='ocrx_word' id='word_1_50' title='bbox 352 594 424 624; x_wconf 83' lang='lat' dir='ltr'>rex</span> <span class='ocrx_word' id='word_1_51' title='bbox 463 588 554 630; x_wconf 87' lang='lat' dir='ltr'>est,</span> <span class='ocrx_word' id='word_1_52' title='bbox 592 580 809 637; x_wconf 80' lang='lat' dir='ltr'>regionem</span> <span class='ocrx_word' id='word_1_53' title='bbox 845 580 1110 636; x_wconf 74' lang='lat' dir='ltr'>praeconibus</span> <span class='ocrx_word' id='word_1_54' title='bbox 1144 579 1233 621; x_wconf 87' lang='lat' dir='ltr'>vult</span> <span class='ocrx_word' id='word_1_55' title='bbox 1266 579 1535 635; x_wconf 82' lang='lat' dir='ltr'>perlustrari,</span> 
     </span>
     <span class='ocr_line' id='line_1_7' title="bbox 97 663 1121 720; baseline -0.001 -14"><span class='ocrx_word' id='word_1_56' title='bbox 97 663 422 720; x_wconf 79' lang='lat' dir='ltr'>legionibusque</span> <span class='ocrx_word' id='word_1_57' title='bbox 453 671 494 707; x_wconf 93' lang='lat' dir='ltr'>et</span> <span class='ocrx_word' id='word_1_58' title='bbox 522 664 778 707; x_wconf 80' lang='lat' dir='ltr'>exercitibus</span> <span class='ocrx_word' id='word_1_59' title='bbox 811 664 917 706; x_wconf 91' lang='lat' dir='ltr'>viam</span> <span class='ocrx_word' id='word_1_60' title='bbox 949 663 1121 706; x_wconf 86' lang='lat' dir='ltr'>muniri.</span> 
     </span>
    </p>
   </div>
   <div class='ocr_carea' id='block_1_3' title="bbox 96 853 1539 2555">
    <p class='ocr_par' dir='ltr' id='par_1_3' title="bbox 97 853 1537 991">
     <span class='ocr_line' id='line_1_8' title="bbox 157 853 1537 910; baseline -0.002 -10"><span class='ocrx_word' id='word_1_61' title='bbox 157 857 249 900; x_wconf 59' lang='lat' dir='ltr'>&lt;lam</span> <span class='ocrx_word' id='word_1_62' title='bbox 282 854 500 898; x_wconf 87' lang='lat' dir='ltr'>videamus</span> <span class='ocrx_word' id='word_1_63' title='bbox 529 854 624 909; x_wconf 87' lang='lat' dir='ltr'>quis</span> <span class='ocrx_word' id='word_1_64' title='bbox 653 853 778 897; x_wconf 89' lang='lat' dir='ltr'>fuerit</span> <span class='ocrx_word' id='word_1_65' title='bbox 812 853 968 896; x_wconf 85' lang='lat' dir='ltr'>missus</span> <span class='ocrx_word' id='word_1_66' title='bbox 1001 866 1024 896; x_wconf 92' lang='lat' dir='ltr'>e</span> <span class='ocrx_word' id='word_1_67' title='bbox 1054 853 1181 896; x_wconf 92' lang='lat' dir='ltr'>domo</span> <span class='ocrx_word' id='word_1_68' title='bbox 1212 854 1348 896; x_wconf 86' lang='lat' dir='ltr'>Patris</span> <span class='ocrx_word' id='word_1_69' title='bbox 1375 862 1417 897; x_wconf 91' lang='lat' dir='ltr'>et</span> <span class='ocrx_word' id='word_1_70' title='bbox 1443 854 1537 910; x_wconf 89' lang='lat' dir='ltr'>quis</span> 
     </span>
     <span class='ocr_line' id='line_1_9' title="bbox 97 935 1537 991; baseline -0.002 -11"><span class='ocrx_word' id='word_1_71' title='bbox 97 937 149 980; x_wconf 92' lang='lat' dir='ltr'>sit</span> <span class='ocrx_word' id='word_1_72' title='bbox 178 936 248 980; x_wconf 86' lang='lat' dir='ltr'>ille</span> <span class='ocrx_word' id='word_1_73' title='bbox 267 936 509 980; x_wconf 90' lang='lat' dir='ltr'>reconditus</span> <span class='ocrx_word' id='word_1_74' title='bbox 538 935 608 991; x_wconf 90' lang='lat' dir='ltr'>qui</span> <span class='ocrx_word' id='word_1_75' title='bbox 630 936 743 978; x_wconf 88' lang='lat' dir='ltr'>venit</span> <span class='ocrx_word' id='word_1_76' title='bbox 765 948 857 979; x_wconf 88' lang='lat' dir='ltr'>sese</span> <span class='ocrx_word' id='word_1_77' title='bbox 881 935 1151 978; x_wconf 83' lang='lat' dir='ltr'>manifestare</span> <span class='ocrx_word' id='word_1_78' title='bbox 1170 949 1220 978; x_wconf 83' lang='lat' dir='ltr'>ex</span> <span class='ocrx_word' id='word_1_79' title='bbox 1245 935 1370 978; x_wconf 88' lang='lat' dir='ltr'>domo</span> <span class='ocrx_word' id='word_1_80' title='bbox 1389 935 1537 978; x_wconf 82' lang='lat' dir='ltr'>David.</span> 
     </span>
    </p>

    <p class='ocr_par' dir='ltr' id='par_1_4' title="bbox 97 1016 1538 1157">
     <span class='ocr_line' id='line_1_10' title="bbox 159 1016 1538 1071; baseline -0.003 -10"><span class='ocrx_word' id='word_1_81' title='bbox 159 1018 203 1062; x_wconf 91' lang='lat' dir='ltr'>Si</span> <span class='ocrx_word' id='word_1_82' title='bbox 245 1017 437 1061; x_wconf 86' lang='lat' dir='ltr'>Christus</span> <span class='ocrx_word' id='word_1_83' title='bbox 478 1016 588 1059; x_wconf 85' lang='lat' dir='ltr'>filius</span> <span class='ocrx_word' id='word_1_84' title='bbox 626 1017 731 1067; x_wconf 88' lang='lat' dir='ltr'>Dei,</span> <span class='ocrx_word' id='word_1_85' title='bbox 766 1016 836 1071; x_wconf 86' lang='lat' dir='ltr'>qui</span> <span class='ocrx_word' id='word_1_86' title='bbox 882 1023 1000 1058; x_wconf 90' lang='lat' dir='ltr'>ortus</span> <span class='ocrx_word' id='word_1_87' title='bbox 1041 1023 1128 1066; x_wconf 88' lang='lat' dir='ltr'>est,</span> <span class='ocrx_word' id='word_1_88' title='bbox 1172 1016 1284 1058; x_wconf 90' lang='lat' dir='ltr'>Deus</span> <span class='ocrx_word' id='word_1_89' title='bbox 1326 1023 1412 1066; x_wconf 86' lang='lat' dir='ltr'>est,</span> <span class='ocrx_word' id='word_1_90' title='bbox 1447 1016 1538 1057; x_wconf 89' lang='lat' dir='ltr'>uni-</span> 
     </span>
     <span class='ocr_line' id='line_1_11' title="bbox 97 1099 1395 1157; baseline -0.002 -14"><span class='ocrx_word' id='word_1_91' title='bbox 97 1115 215 1145; x_wconf 85' lang='lat' dir='ltr'>versa</span> <span class='ocrx_word' id='word_1_92' title='bbox 246 1101 309 1143; x_wconf 89' lang='lat' dir='ltr'>via</span> <span class='ocrx_word' id='word_1_93' title='bbox 340 1100 430 1157; x_wconf 85' lang='lat' dir='ltr'>ejus</span> <span class='ocrx_word' id='word_1_94' title='bbox 458 1100 537 1143; x_wconf 84' lang='lat' dir='ltr'>erit</span> <span class='ocrx_word' id='word_1_95' title='bbox 564 1100 645 1156; x_wconf 89' lang='lat' dir='ltr'>ipsi</span> <span class='ocrx_word' id='word_1_96' title='bbox 677 1099 934 1143; x_wconf 83' lang='lat' dir='ltr'>conveniens</span> <span class='ocrx_word' id='word_1_97' title='bbox 964 1108 1006 1141; x_wconf 90' lang='lat' dir='ltr'>et</span> <span class='ocrx_word' id='word_1_98' title='bbox 1034 1099 1226 1155; x_wconf 78' lang='lat' dir='ltr'>prodigio</span> <span class='ocrx_word' id='word_1_99' title='bbox 1261 1099 1395 1154; x_wconf 87' lang='lat' dir='ltr'>plena.</span> 
     </span>
    </p>

    <p class='ocr_par' dir='ltr' id='par_1_5' title="bbox 96 1180 1537 1392">
     <span class='ocr_line' id='line_1_12' title="bbox 158 1180 1536 1238; baseline -0.004 -11"><span class='ocrx_word' id='word_1_100' title='bbox 158 1183 386 1227; x_wconf 87' lang='lat' dir='ltr'>Habitante</span> <span class='ocrx_word' id='word_1_101' title='bbox 434 1183 527 1238; x_wconf 92' lang='lat' dir='ltr'>ipso</span> <span class='ocrx_word' id='word_1_102' title='bbox 567 1182 610 1225; x_wconf 89' lang='lat' dir='ltr'>in</span> <span class='ocrx_word' id='word_1_103' title='bbox 656 1190 802 1232; x_wconf 89' lang='lat' dir='ltr'>utero,</span> <span class='ocrx_word' id='word_1_104' title='bbox 845 1181 893 1224; x_wconf 87' lang='lat' dir='ltr'>ad</span> <span class='ocrx_word' id='word_1_105' title='bbox 938 1194 1035 1224; x_wconf 88' lang='lat' dir='ltr'>eum</span> <span class='ocrx_word' id='word_1_106' title='bbox 1078 1181 1120 1223; x_wconf 90' lang='lat' dir='ltr'>in</span> <span class='ocrx_word' id='word_1_107' title='bbox 1164 1181 1294 1224; x_wconf 82' lang='lat' dir='ltr'>uteris</span> <span class='ocrx_word' id='word_1_108' title='bbox 1342 1180 1536 1223; x_wconf 83' lang='lat' dir='ltr'>exultant</span> 
     </span>
     <span class='ocr_line' id='line_1_13' title="bbox 96 1264 1537 1323; baseline -0.003 -13"><span class='ocrx_word' id='word_1_109' title='bbox 96 1268 305 1317; x_wconf 82' lang='lat' dir='ltr'>infantes,</span> <span class='ocrx_word' id='word_1_110' title='bbox 335 1274 377 1310; x_wconf 89' lang='lat' dir='ltr'>et</span> <span class='ocrx_word' id='word_1_111' title='bbox 422 1279 524 1309; x_wconf 88' lang='lat' dir='ltr'>sane</span> <span class='ocrx_word' id='word_1_112' title='bbox 556 1265 798 1323; x_wconf 88' lang='lat' dir='ltr'>hujusmodi</span> <span class='ocrx_word' id='word_1_113' title='bbox 834 1279 940 1321; x_wconf 90' lang='lat' dir='ltr'>opus</span> <span class='ocrx_word' id='word_1_114' title='bbox 979 1278 1062 1308; x_wconf 92' lang='lat' dir='ltr'>non</span> <span class='ocrx_word' id='word_1_115' title='bbox 1100 1272 1164 1308; x_wconf 92' lang='lat' dir='ltr'>est</span> <span class='ocrx_word' id='word_1_116' title='bbox 1196 1265 1368 1309; x_wconf 86' lang='lat' dir='ltr'>solitum</span> <span class='ocrx_word' id='word_1_117' title='bbox 1403 1264 1537 1307; x_wconf 90' lang='lat' dir='ltr'>homi-</span> 
     </span>
     <span class='ocr_line' id='line_1_14' title="bbox 97 1348 235 1392; baseline -0.007 0"><span class='ocrx_word' id='word_1_118' title='bbox 97 1348 235 1392; x_wconf 54' lang='lat' dir='ltr'>nibus,</span> 
     </span>
    </p>

    <p class='ocr_par' dir='ltr' id='par_1_6' title="bbox 97 1429 1538 1570">
     <span class='ocr_line' id='line_1_15' title="bbox 156 1429 1538 1480; baseline -0.002 -7"><span class='ocrx_word' id='word_1_119' title='bbox 156 1429 400 1480; x_wconf 84' lang='lat' dir='ltr'>Nascendo,</span> <span class='ocrx_word' id='word_1_120' title='bbox 432 1429 596 1472; x_wconf 88' lang='lat' dir='ltr'>stellam</span> <span class='ocrx_word' id='word_1_121' title='bbox 626 1430 757 1471; x_wconf 88' lang='lat' dir='ltr'>mittit</span> <span class='ocrx_word' id='word_1_122' title='bbox 788 1430 984 1479; x_wconf 88' lang='lat' dir='ltr'>remotis,</span> <span class='ocrx_word' id='word_1_123' title='bbox 1015 1437 1058 1471; x_wconf 94' lang='lat' dir='ltr'>ut</span> <span class='ocrx_word' id='word_1_124' title='bbox 1083 1429 1258 1472; x_wconf 80' lang='lat' dir='ltr'>afferant</span> <span class='ocrx_word' id='word_1_125' title='bbox 1288 1441 1460 1471; x_wconf 87' lang='lat' dir='ltr'>munera</span> <span class='ocrx_word' id='word_1_126' title='bbox 1490 1441 1538 1470; x_wconf 88' lang='lat' dir='ltr'>ac</span> 
     </span>
     <span class='ocr_line' id='line_1_16' title="bbox 97 1513 815 1570; baseline -0.003 -13"><span class='ocrx_word' id='word_1_127' title='bbox 97 1527 189 1558; x_wconf 90' lang='lat' dir='ltr'>sese</span> <span class='ocrx_word' id='word_1_128' title='bbox 225 1527 300 1570; x_wconf 90' lang='lat' dir='ltr'>per</span> <span class='ocrx_word' id='word_1_129' title='bbox 336 1513 540 1556; x_wconf 88' lang='lat' dir='ltr'>tributum</span> <span class='ocrx_word' id='word_1_130' title='bbox 573 1513 815 1569; x_wconf 80' lang='lat' dir='ltr'>subjiciant.</span> 
     </span>
    </p>

    <p class='ocr_par' dir='ltr' id='par_1_7' title="bbox 99 1592 1537 1734">
     <span class='ocr_line' id='line_1_17' title="bbox 155 1592 1537 1650; baseline -0.004 -11"><span class='ocrx_word' id='word_1_131' title='bbox 155 1597 261 1640; x_wconf 89' lang='lat' dir='ltr'>Cum</span> <span class='ocrx_word' id='word_1_132' title='bbox 295 1596 525 1639; x_wconf 80' lang='lat' dir='ltr'>diverteret</span> <span class='ocrx_word' id='word_1_133' title='bbox 557 1595 599 1637; x_wconf 88' lang='lat' dir='ltr'>in</span> <span class='ocrx_word' id='word_1_134' title='bbox 638 1595 864 1650; x_wconf 84' lang='lat' dir='ltr'>spelunca,</span> <span class='ocrx_word' id='word_1_135' title='bbox 902 1593 1273 1637; x_wconf 87' lang='lat' dir='ltr'>circumdederunt</span> <span class='ocrx_word' id='word_1_136' title='bbox 1300 1605 1396 1636; x_wconf 89' lang='lat' dir='ltr'>eum</span> <span class='ocrx_word' id='word_1_137' title='bbox 1425 1592 1537 1635; x_wconf 80' lang='lat' dir='ltr'>eceli-</span> 
     </span>
     <span class='ocr_line' id='line_1_18' title="bbox 99 1675 1535 1734; baseline -0.006 -10"><span class='ocrx_word' id='word_1_138' title='bbox 99 1688 188 1724; x_wconf 88' lang='lat' dir='ltr'>tum</span> <span class='ocrx_word' id='word_1_139' title='bbox 212 1687 346 1724; x_wconf 87' lang='lat' dir='ltr'>coetus</span> <span class='ocrx_word' id='word_1_140' title='bbox 365 1712 373 1730; x_wconf 95' lang='lat'><em>‚</em></span> <span class='ocrx_word' id='word_1_141' title='bbox 392 1679 568 1723; x_wconf 80' lang='lat' dir='ltr'>edentes</span> <span class='ocrx_word' id='word_1_142' title='bbox 591 1678 752 1722; x_wconf 85' lang='lat' dir='ltr'>cantica</span> <span class='ocrx_word' id='word_1_143' title='bbox 775 1678 912 1721; x_wconf 89' lang='lat' dir='ltr'>laudis</span> <span class='ocrx_word' id='word_1_144' title='bbox 934 1678 1197 1734; x_wconf 84' lang='lat' dir='ltr'>hymnosque</span> <span class='ocrx_word' id='word_1_145' title='bbox 1218 1675 1535 1733; x_wconf 77' lang='lat' dir='ltr'>pulcherrimos.</span> 
     </span>
    </p>

    <p class='ocr_par' dir='ltr' id='par_1_8' title="bbox 97 1758 1537 1900">
     <span class='ocr_line' id='line_1_19' title="bbox 159 1758 1537 1817; baseline -0.004 -13"><span class='ocrx_word' id='word_1_146' title='bbox 159 1761 317 1804; x_wconf 81' lang='lat' dir='ltr'>Fasciis</span> <span class='ocrx_word' id='word_1_147' title='bbox 357 1761 448 1817; x_wconf 90' lang='lat' dir='ltr'>ipso</span> <span class='ocrx_word' id='word_1_148' title='bbox 484 1760 697 1810; x_wconf 83' lang='lat' dir='ltr'>involuto,</span> <span class='ocrx_word' id='word_1_149' title='bbox 735 1759 926 1802; x_wconf 84' lang='lat' dir='ltr'>exultant</span> <span class='ocrx_word' id='word_1_150' title='bbox 964 1767 1114 1801; x_wconf 85' lang='lat' dir='ltr'>turmae</span> <span class='ocrx_word' id='word_1_151' title='bbox 1162 1758 1392 1807; x_wconf 86' lang='lat' dir='ltr'>Gabrielis,</span> <span class='ocrx_word' id='word_1_152' title='bbox 1424 1769 1537 1800; x_wconf 87' lang='lat' dir='ltr'>reve-</span> 
     </span>
     <span class='ocr_line' id='line_1_20' title="bbox 97 1841 1354 1900; baseline -0.005 -12"><span class='ocrx_word' id='word_1_153' title='bbox 97 1845 269 1900; x_wconf 86' lang='lat' dir='ltr'>lantque</span> <span class='ocrx_word' id='word_1_154' title='bbox 300 1842 539 1899; x_wconf 81' lang='lat' dir='ltr'>pastoribus</span> <span class='ocrx_word' id='word_1_155' title='bbox 573 1854 773 1884; x_wconf 81' lang='lat' dir='ltr'>arcanum</span> <span class='ocrx_word' id='word_1_156' title='bbox 809 1842 861 1884; x_wconf 90' lang='lat' dir='ltr'>de</span> <span class='ocrx_word' id='word_1_157' title='bbox 887 1841 1008 1883; x_wconf 88' lang='lat' dir='ltr'>istius</span> <span class='ocrx_word' id='word_1_158' title='bbox 1042 1841 1161 1897; x_wconf 89' lang='lat' dir='ltr'>pueri</span> <span class='ocrx_word' id='word_1_159' title='bbox 1192 1847 1354 1883; x_wconf 87' lang='lat' dir='ltr'>natura.</span> 
     </span>
    </p>

    <p class='ocr_par' dir='ltr' id='par_1_9' title="bbox 97 1919 1537 2146">
     <span class='ocr_line' id='line_1_21' title="bbox 157 1919 1536 1979; baseline -0.004 -11"><span class='ocrx_word' id='word_1_160' title='bbox 157 1926 284 1969; x_wconf 88' lang='lat' dir='ltr'>Venit</span> <span class='ocrx_word' id='word_1_161' title='bbox 327 1924 377 1967; x_wconf 93' lang='lat' dir='ltr'>ad</span> <span class='ocrx_word' id='word_1_162' title='bbox 413 1925 617 1979; x_wconf 89' lang='lat' dir='ltr'>templum</span> <span class='ocrx_word' id='word_1_163' title='bbox 657 1932 699 1966; x_wconf 86' lang='lat' dir='ltr'>et</span> <span class='ocrx_word' id='word_1_164' title='bbox 730 1936 859 1966; x_wconf 86' lang='lat' dir='ltr'>senex</span> <span class='ocrx_word' id='word_1_165' title='bbox 896 1923 1048 1979; x_wconf 80' lang='lat' dir='ltr'>ligatus</span> <span class='ocrx_word' id='word_1_166' title='bbox 1081 1922 1432 1978; x_wconf 83' lang='lat' dir='ltr'>supplicationem</span> <span class='ocrx_word' id='word_1_167' title='bbox 1465 1919 1536 1962; x_wconf 87' lang='lat' dir='ltr'>ad-</span> 
     </span>
     <span class='ocr_line' id='line_1_22' title="bbox 97 2002 1537 2059; baseline -0.006 -8"><span class='ocrx_word' id='word_1_168' title='bbox 97 2008 236 2059; x_wconf 84' lang='lat' dir='ltr'>hibet,</span> <span class='ocrx_word' id='word_1_169' title='bbox 280 2014 326 2050; x_wconf 92' lang='lat' dir='ltr'>ut</span> <span class='ocrx_word' id='word_1_170' title='bbox 363 2019 460 2049; x_wconf 89' lang='lat' dir='ltr'>eum</span> <span class='ocrx_word' id='word_1_171' title='bbox 500 2005 732 2048; x_wconf 88' lang='lat' dir='ltr'>dimitteret</span> <span class='ocrx_word' id='word_1_172' title='bbox 775 2005 914 2047; x_wconf 86' lang='lat' dir='ltr'>infans</span> <span class='ocrx_word' id='word_1_173' title='bbox 954 2003 1047 2055; x_wconf 83' lang='lat' dir='ltr'>ille,</span> <span class='ocrx_word' id='word_1_174' title='bbox 1089 2004 1218 2059; x_wconf 90' lang='lat' dir='ltr'>probe</span> <span class='ocrx_word' id='word_1_175' title='bbox 1250 2003 1388 2045; x_wconf 86' lang='lat' dir='ltr'>sciens</span> <span class='ocrx_word' id='word_1_176' title='bbox 1425 2002 1537 2044; x_wconf 88' lang='lat' dir='ltr'>hunc</span> 
     </span>
     <span class='ocr_line' id='line_1_23' title="bbox 97 2086 878 2146; baseline -0.01 -11"><span class='ocrx_word' id='word_1_177' title='bbox 97 2104 195 2135; x_wconf 90' lang='lat' dir='ltr'>eum</span> <span class='ocrx_word' id='word_1_178' title='bbox 222 2102 316 2134; x_wconf 88' lang='lat' dir='ltr'>esse</span> <span class='ocrx_word' id='word_1_179' title='bbox 345 2089 418 2146; x_wconf 91' lang='lat' dir='ltr'>qui</span> <span class='ocrx_word' id='word_1_180' title='bbox 452 2089 591 2144; x_wconf 90' lang='lat' dir='ltr'>ipsum</span> <span class='ocrx_word' id='word_1_181' title='bbox 623 2086 878 2143; x_wconf 79' lang='lat' dir='ltr'>alligaverat.</span> 
     </span>
    </p>

    <p class='ocr_par' dir='ltr' id='par_1_10' title="bbox 101 2163 1539 2397">
     <span class='ocr_line' id='line_1_24' title="bbox 160 2163 1539 2228; baseline -0.008 -12"><span class='ocrx_word' id='word_1_182' title='bbox 160 2173 264 2217; x_wconf 91' lang='lat' dir='ltr'>Cum</span> <span class='ocrx_word' id='word_1_183' title='bbox 306 2178 527 2228; x_wconf 80' lang='lat' dir='ltr'>appareret</span> <span class='ocrx_word' id='word_1_184' title='bbox 563 2170 606 2211; x_wconf 88' lang='lat' dir='ltr'>in</span> <span class='ocrx_word' id='word_1_185' title='bbox 645 2169 882 2225; x_wconf 89' lang='lat' dir='ltr'>baptismo,</span> <span class='ocrx_word' id='word_1_186' title='bbox 916 2167 1040 2209; x_wconf 86' lang='lat' dir='ltr'>Pater</span> <span class='ocrx_word' id='word_1_187' title='bbox 1072 2172 1114 2208; x_wconf 91' lang='lat' dir='ltr'>et</span> <span class='ocrx_word' id='word_1_188' title='bbox 1154 2163 1334 2220; x_wconf 87' lang='lat' dir='ltr'>Spiritus</span> <span class='ocrx_word' id='word_1_189' title='bbox 1368 2172 1539 2206; x_wconf 85' lang='lat' dir='ltr'>sanctus</span> 
     </span>
     <span class='ocr_line' id='line_1_25' title="bbox 101 2249 1537 2309; baseline -0.009 -8"><span class='ocrx_word' id='word_1_190' title='bbox 101 2256 326 2301; x_wconf 87' lang='lat' dir='ltr'>contestati</span> <span class='ocrx_word' id='word_1_191' title='bbox 367 2261 466 2297; x_wconf 88' lang='lat' dir='ltr'>sunt</span> <span class='ocrx_word' id='word_1_192' title='bbox 501 2254 638 2309; x_wconf 90' lang='lat' dir='ltr'>ipsum</span> <span class='ocrx_word' id='word_1_193' title='bbox 679 2264 772 2294; x_wconf 89' lang='lat' dir='ltr'>esse</span> <span class='ocrx_word' id='word_1_194' title='bbox 808 2251 968 2301; x_wconf 84' lang='lat' dir='ltr'>Deum;</span> <span class='ocrx_word' id='word_1_195' title='bbox 1006 2249 1057 2291; x_wconf 88' lang='lat' dir='ltr'>ab</span> <span class='ocrx_word' id='word_1_196' title='bbox 1090 2261 1140 2291; x_wconf 91' lang='lat' dir='ltr'>eo</span> <span class='ocrx_word' id='word_1_197' title='bbox 1172 2254 1312 2290; x_wconf 84' lang='lat' dir='ltr'>autem</span> <span class='ocrx_word' id='word_1_198' title='bbox 1344 2253 1537 2302; x_wconf 88' lang='lat' dir='ltr'>receptus</span> 
     </span>
     <span class='ocr_line' id='line_1_26' title="bbox 104 2330 1476 2397; baseline -0.009 -13"><span class='ocrx_word' id='word_1_199' title='bbox 104 2341 182 2385; x_wconf 84' lang='lat' dir='ltr'>fuit</span> <span class='ocrx_word' id='word_1_200' title='bbox 214 2340 475 2397; x_wconf 88' lang='lat' dir='ltr'>baptismus,</span> <span class='ocrx_word' id='word_1_201' title='bbox 511 2345 556 2380; x_wconf 92' lang='lat' dir='ltr'>ut</span> <span class='ocrx_word' id='word_1_202' title='bbox 588 2349 663 2393; x_wconf 88' lang='lat' dir='ltr'>per</span> <span class='ocrx_word' id='word_1_203' title='bbox 692 2336 830 2392; x_wconf 90' lang='lat' dir='ltr'>ipsum</span> <span class='ocrx_word' id='word_1_204' title='bbox 870 2337 1096 2388; x_wconf 78' lang='lat' dir='ltr'>baptismus</span> <span class='ocrx_word' id='word_1_205' title='bbox 1129 2330 1476 2374; x_wconf 85' lang='lat' dir='ltr'>sanctificaretur.</span> 
     </span>
    </p>

    <p class='ocr_par' dir='ltr' id='par_1_11' title="bbox 163 2412 1538 2475">
     <span class='ocr_line' id='line_1_27' title="bbox 163 2412 1538 2475; baseline -0.01 -8"><span class='ocrx_word' id='word_1_206' title='bbox 163 2422 363 2468; x_wconf 88' lang='lat' dir='ltr'>Convivio</span> <span class='ocrx_word' id='word_1_207' title='bbox 388 2420 666 2471; x_wconf 88' lang='lat' dir='ltr'>accumbens,</span> <span class='ocrx_word' id='word_1_208' title='bbox 693 2431 843 2475; x_wconf 85' lang='lat' dir='ltr'>aquam</span> <span class='ocrx_word' id='word_1_209' title='bbox 868 2418 909 2459; x_wconf 92' lang='lat' dir='ltr'>in</span> <span class='ocrx_word' id='word_1_210' title='bbox 935 2416 1079 2459; x_wconf 90' lang='lat' dir='ltr'>vinum</span> <span class='ocrx_word' id='word_1_211' title='bbox 1110 2413 1317 2470; x_wconf 90' lang='lat' dir='ltr'>optimum</span> <span class='ocrx_word' id='word_1_212' title='bbox 1348 2412 1538 2455; x_wconf 86' lang='lat' dir='ltr'>mutavit.</span> 
     </span>
    </p>

    <p class='ocr_par' dir='ltr' id='par_1_12' title="bbox 163 2494 1538 2555">
     <span class='ocr_line' id='line_1_28' title="bbox 163 2494 1538 2555; baseline -0.01 -5"><span class='ocrx_word' id='word_1_213' title='bbox 163 2505 414 2550; x_wconf 88' lang='lat' dir='ltr'>Occurrenti</span> <span class='ocrx_word' id='word_1_214' title='bbox 476 2504 513 2547; x_wconf 90' lang='lat' dir='ltr'>ei</span> <span class='ocrx_word' id='word_1_215' title='bbox 557 2515 667 2546; x_wconf 83' lang='lat' dir='ltr'>caeco</span> <span class='ocrx_word' id='word_1_216' title='bbox 718 2514 886 2545; x_wconf 86' lang='lat' dir='ltr'>coenum</span> <span class='ocrx_word' id='word_1_217' title='bbox 929 2498 1154 2555; x_wconf 88' lang='lat' dir='ltr'>imposuit,</span> <span class='ocrx_word' id='word_1_218' title='bbox 1191 2499 1255 2539; x_wconf 75' lang='lat' dir='ltr'>ille</span> <span class='ocrx_word' id='word_1_219' title='bbox 1296 2507 1394 2537; x_wconf 88' lang='lat' dir='ltr'>vero</span> <span class='ocrx_word' id='word_1_220' title='bbox 1436 2494 1538 2536; x_wconf 89' lang='lat' dir='ltr'>vidit</span> 
     </span>
    </p>
   </div>
   <div class='ocr_carea' id='block_1_4' title="bbox 101 2591 1332 2690">
    <p class='ocr_par' dir='ltr' id='par_1_13' title="bbox 101 2591 1332 2690">
     <span class='ocr_line' id='line_1_29' title="bbox 101 2591 253 2633; baseline -0.007 0"><span class='ocrx_word' id='word_1_221' title='bbox 101 2591 253 2633; x_wconf 91' lang='lat' dir='ltr'>lucem.</span> 
     </span>
     <span class='ocr_line' id='line_1_30' title="bbox 1292 2662 1332 2690; baseline 0 0"><span class='ocrx_word' id='word_1_222' title='bbox 1292 2662 1332 2690; x_wconf 75' lang='lat'>36</span> 
     </span>
    </p>
   </div>
  </div>
 </body>
</html>
