1931 3239
532 161 697 187 CARMEN
724 162 734 187 1
761 163 809 187 DE
836 163 868 187 u.
898 162 933 187 v.
962 163 1002 187 M.
1432 155 1494 187 :2471

113 255 361 306 Peccatum,
394 254 506 309 quod
537 255 587 297 ad
619 254 828 298 Adamum
862 255 1099 311 ingressum
1141 264 1229 298 erat
1275 267 1348 311 per
1391 268 1489 298 con-

51 336 320 392 cupiscentiae
373 344 540 386 motus,
579 349 630 379 ex
670 350 716 379 ea
759 336 881 392 ejecit
914 336 1096 392 Spiritus
1136 344 1309 380 sanctus
1343 349 1488 392 super-

49 417 221 461 veniens
258 418 299 460 in
339 431 455 468 eam3
490 417 592 460 illud
633 418 967 461 additamentum
1006 419 1119 474 quod
1158 419 1352 462 effecerat
1404 432 1490 462 ser-

50 511 178 554 pens,
221 506 263 541 et
304 498 622 541 inclinationem
666 512 833 554 pravam
883 500 924 541 in
965 512 1012 542 ea
1063 512 1236 555 prorsus
1285 500 1487 550 abolevit,

50 591 226 634 eamque
255 579 429 635 replevit
459 579 683 622 sanctitate
714 587 757 622 et
787 580 1043 622 innocentia.

110 660 266 703 Novam
302 673 394 702 eam
427 659 588 711 effecit,
624 660 854 714 vidensque
888 661 1096 703 Dominus
1125 672 1215 703 eam
1251 673 1343 704 esse
1372 661 1489 704 valde

50 742 244 784 decoram
260 774 270 792 ‚
289 741 397 784 sicut
417 742 601 797 priorem
616 774 625 790 ‚
647 741 689 784 in
709 742 842 798 ipsam
864 742 1036 798 illapsus
1061 750 1102 784 et
1122 742 1163 784 in
1183 755 1228 784 ea
1248 742 1490 786 incarnatus

52 830 131 867 est.
149 824 376 879 Propterea
401 823 565 866 dixerat
588 823 762 880 angelus
784 831 1009 880 antequam
1035 824 1219 867 Verbum
1239 825 1290 867 ad
1316 825 1488 868 Mariam

50 905 350 956 descenderet,
390 906 432 948 in
472 918 519 949 ea
561 906 825 949 habitaturus
854 921 863 949 ε
896 923 913 946 «
942 906 1125 963 Spiritus
1161 907 1486 963 superveniet.»

109 1053 337 1095 Benedicta
361 1053 503 1103 Maria,
529 1065 601 1108 per
623 1053 742 1108 cujus
766 1054 816 1096 ad
847 1053 1084 1096 Gabrielem
1111 1054 1486 1110 interrogationem

48 1137 233 1179 mundus
269 1136 413 1179 didicit
451 1136 747 1179 absconditum
791 1137 891 1178 illud
940 1137 1212 1193 mysterium!
1250 1137 1339 1179 Nisi
1375 1138 1487 1180 enim

50 1219 137 1274 ipsa
176 1231 272 1261 eum
313 1219 617 1275 interrogasset
656 1234 665 1260 :
712 1234 731 1258 a
760 1218 974 1274 quomodo
1011 1219 1115 1261 fiet?
1138 1234 1157 1258 n
1215 1226 1316 1261 tunc
1354 1232 1491 1274 neque

47 1313 125 1343 nos
165 1300 491 1356 explicationem
539 1300 768 1343 nativitatis
808 1300 902 1343 Filii
936 1300 1212 1352 resciremus3
1248 1300 1328 1356 ipsi
1363 1300 1489 1344 debe-

48 1391 117 1426 tur
162 1383 285 1440 liujus
325 1384 553 1426 nativitatis
597 1383 794 1427 decorem
843 1384 972 1427 fuisse
1016 1383 1273 1435 revelatum,
1318 1391 1360 1427 et
1399 1384 1486 1441 ipsa

48 1465 210 1509 exstitit
240 1479 365 1509 causa
394 1466 506 1522 quod
538 1466 576 1509 ei
605 1478 680 1522 per
715 1465 911 1522 angelum
946 1465 1178 1522 affulgeret.

110 1659 168 1702 Os
203 1659 401 1702 Ecclesiae
439 1658 516 1700 fuit
555 1657 723 1713 sapiens
772 1657 887 1714 virgo
925 1659 1002 1701 hac
1047 1671 1120 1701 sua
1159 1659 1491 1716 interrogatione

47 1749 173 1797 atque
220 1742 261 1784 in
310 1753 490 1797 persona
535 1740 668 1783 totius
712 1741 941 1784 creationis
985 1742 1108 1785 istam
1161 1742 1487 1798 explicationem

47 1824 207 1867 didicit.
237 1824 324 1866 Nisi
351 1823 464 1867 enim
494 1823 622 1866 Maria
655 1824 872 1867 habuisset
907 1824 1082 1868 affectus
1117 1824 1346 1873 sublimes,
1377 1825 1487 1868 haud

47 1907 252 1963 potuisset
278 1905 443 1949 admitti
469 1905 520 1948 ad
550 1905 808 1961 loquendum
837 1919 978 1949 coram
1009 1906 1192 1963 Ange103
1221 1905 1300 1948 nisi
1331 1906 1484 1949 virtute

47 1989 271 2047 omnigena
303 1996 450 2031 ornata
480 1988 650 2039 fuisset,
683 2001 950 2044 nequaquam
986 1989 1191 2044 potuisset
1221 1996 1370 2032 mutuo
1400 2002 1486 2032 ser-

47 2085 172 2116 mone
202 2085 298 2115 cum
329 2069 522 2115 Gabriele
552 2070 806 2113 conversari.

110 2269 202 2324 lpsa
227 2268 353 2324 igitur
382 2267 550 2322 proprio
577 2280 654 2310 suo
688 2267 839 2310 merito
873 2280 1005 2323 usque
1031 2267 1081 2310 ad
1114 2280 1205 2310 eam
1239 2278 1481 2309 mensuram

45 2349 258 2397 ascendit,
283 2349 418 2392 donec
446 2347 630 2404 Spiritus
667 2355 818 2391 cuncta
859 2347 1081 2404 perficiens
1115 2348 1407 2404 superveniret
1441 2347 1481 2389 in

96 2536 145 2558 vv.
171 2526 236 2559 447
267 2531 300 2558 et
327 2527 392 2558 448
420 2527 638 2567 reperiuntur
666 2527 698 2558 in
730 2525 793 2568 Off.
823 2525 901 2568 Syr.
937 2524 1126 2564 Maronia,
1155 2534 1230 2567 pag.
1266 2525 1331 2571 1.εὸ
1361 2530 1397 2557 et
1424 2526 1486 2558 ite-

49 2608 121 2631 rum
148 2606 221 2639 pag.
247 2592 373 2651 »ἐλά
