1931 3239
633 190 768 216 JACOBI
795 190 936 216 SARUG.
967 191 1071 216 VITA.
1530 187 1572 218 (35

136 290 234 321 vero
276 278 462 320 omnibus
509 284 650 333 aperta
695 286 814 321 erant
863 279 987 322 verba
1030 280 1357 336 prophetarum,
1401 282 1474 324 sed
1522 283 1570 326 iis

140 367 301 403 tantum
338 359 580 402 hominibus
612 360 765 416 quibus
803 373 850 404 ea
891 362 1098 405 Dominus
1129 363 1396 408 manifestare
1425 365 1570 408 voluit.

136 442 213 485 Hic
240 455 337 484 vero
364 442 523 484 electus
546 454 592 484 ea
613 441 836 485 declaravit
869 443 995 486 veluti
1026 444 1067 486 in
1094 447 1245 487 lumine
1270 445 1372 488 solis
1392 479 1401 497 ,
1434 446 1568 490 lucem

134 537 252 566 suam
296 524 454 566 mundo
490 524 763 566 manifestans
807 537 988 580 eumque
1027 526 1280 569 exhilarans.
1317 527 1421 579 Quis
1461 529 1571 572 dicat

136 606 247 649 hunc
271 606 399 649 fuisse
423 607 721 663 prophetarum
746 608 872 650 coetui
896 608 1136 651 inferiorem
1159 609 1229 664 qui
1254 611 1449 666 mysteria
1470 611 1571 654 vidit

136 695 177 731 et
199 688 445 731 abscondita
468 692 680 744 quaeque?
707 703 752 733 ea
776 689 936 733 scilicet
960 698 1208 733 enarrarunt
1237 692 1315 747 ipsi
1338 696 1569 745 prophelae,

135 783 388 826 quamquam
422 771 590 814 interim
622 784 668 814 ea
699 785 792 827 quae
829 771 1111 827 loquebantur
1154 786 1238 816 non
1278 783 1569 830 exponerent3

134 860 174 896 at
207 866 305 896 vero
338 853 505 896 advenit
537 855 570 896 is
599 867 731 910 eaque
763 862 888 910 prout
914 863 1056 898 essent
1085 857 1296 912 exposuit.

194 972 285 1027 Age
323 984 446 1022 vero,
491 972 780 1027 apostolorum
821 980 977 1015 coetum
1013 972 1262 1022 considera,
1299 982 1382 1015 tam
1417 986 1571 1029 purum

134 1060 175 1095 et
204 1065 401 1095 serenum
420 1085 430 1104 ,
452 1053 686 1109 simplicem
707 1066 754 1096 ac
774 1053 1062 1104 innocentem,
1087 1054 1286 1110 mysteria
1322 1054 1516 1098 ediscens
1552 1068 1574 1097 a

134 1133 218 1177 filio
252 1137 404 1177 summi
435 1135 543 1191 regis
576 1135 641 1178 cui
675 1135 935 1186 adhaeserat,
974 1142 1099 1190 atque
1134 1142 1278 1191 aperte
1328 1136 1573 1179 hominibus
1629 1158 1637 1162 *

132 1217 315 1262 edocens
348 1219 496 1262 salutis
525 1219 660 1271 viam3
692 1219 765 1262 sed
803 1219 858 1262 ita
892 1231 1061 1275 quoque
1091 1226 1208 1275 pater
1242 1227 1390 1263 noster
1423 1232 1471 1262 ea
1510 1220 1574 1262 via

135 1301 307 1344 incessit
337 1314 418 1356 qua
440 1301 550 1358 regis
579 1301 786 1358 operarii3
811 1302 901 1357 ipse
933 1302 1045 1344 enim
1079 1301 1344 1358 evangelium
1379 1303 1575 1358 praeclara

135 1395 235 1425 voce
257 1383 524 1439 praedicavit3
547 1396 684 1439 neque
717 1383 842 1426 modo
878 1383 1140 1440 evangelium
1174 1384 1413 1439 praedicavit
1446 1398 1575 1427 senex

135 1464 339 1517 illustris,
370 1466 443 1509 sed
476 1474 517 1508 et
541 1466 784 1508 universum
807 1465 1099 1521 apostolorum
1130 1466 1323 1508 ordinem
1353 1466 1575 1522 praeconiis

134 1551 384 1602 celebravit,
415 1559 541 1608 atque
582 1552 691 1594 inter
725 1550 1049 1606 praedicatores,
1083 1550 1361 1607 evangelistas
1398 1559 1440 1594 et
1476 1551 1573 1594 doc-

135 1644 278 1687 tores,
314 1635 469 1693 gradus
504 1636 594 1692 eJus
632 1634 957 1679 constituendus
988 1642 1078 1687 est,
1113 1635 1183 1691 qui
1225 1649 1321 1679 cum
1351 1635 1402 1678 iis
1438 1636 1574 1679 futura

134 1717 451 1773 praenunciavit.

197 1973 358 2017 Pariter
410 1973 519 2017 inter
572 1972 824 2030 virginitatis
874 1971 1059 2015 cultores
1112 1979 1153 2015 et
1198 1971 1420 2023 cultrices,
1467 1973 1576 2016 inter

137 2056 345 2112 perfectos
373 2063 415 2098 et
451 2062 612 2112 patres,
645 2055 835 2099 moribus
865 2055 953 2098 suis
980 2054 1158 2110 intelligi
1183 2054 1425 2097 merehatur
1458 2062 1575 2110 pater

137 2147 293 2183 noster.
332 2140 528 2189 Etenim,
571 2139 680 2182 sicut
726 2139 823 2189 isti,
867 2139 922 2181 ita
972 2138 1061 2194 ipse
1105 2137 1278 2181 domino
1319 2136 1488 2180 servivit
1534 2137 1576 2178 in

186 2302 216 2324 v.
243 2291 320 2325 395.
349 2293 424 2324 Post
449 2293 536 2323 M-‘z
562 2293 734 2335 reperitur
767 2294 799 2324 in
832 2292 906 2324 cod.
942 2292 1059 2324 lacuna
1080 2317 1087 2329 ‚
1130 2300 1189 2332 pro
1221 2299 1286 2331 qua
1323 2298 1436 2322 vocem
1462 2284 1576 2328 Q
1606 2278 1609 2280 v

138 2375 304 2409 reponere
327 2375 395 2398 non
419 2367 581 2401 haesitavi.
605 2368 661 2400 Est
684 2367 776 2402 enim
802 2360 915 2406 βαι-ο
956 2354 1042 2396 Δί’-ε
1072 2364 1158 2408 filice
1185 2361 1324 2405 foederis
1347 2363 1467 2395 usitata
1486 2365 1574 2404 apud

137 2425 237 2466 Syros
268 2425 457 2466 expressio,
488 2433 553 2466 qua
578 2425 726 2466 virgines
755 2425 821 2457 Deo
857 2433 966 2456 sacras
995 2424 1168 2456 denotant.
1194 2420 1243 2452 Cf.
1271 2419 1413 2459 Beelen,
1439 2430 1491 2462 op.
1517 2421 1574 2452 cit.

139 2492 171 2523 p.
199 2483 276 2514 174.

185 2553 213 2576 v.
241 2543 319 2576 396.
344 2544 451 2584 Hujus
476 2545 564 2576 vocis
592 2544 703 2585 priora
720 2543 887 2576 elementa
907 2542 1016 2574 haecce
1042 2541 1243 2572 videbantur
1268 2545 1368 2590 ομ,
1394 2539 1484 2570 unde
1513 2539 1572 2571 feci

137 2623 360 2670 „moi-2035>

1355 2694 1373 2721 9
