1931 3239
624 185 758 211 JAcOffl
791 186 933 213 suffitu.
960 186 1063 211 VITA.
1521 182 1564 213 523

127 276 231 319 ritus
280 276 472 319 coelestes
516 277 684 319 attoniti
725 286 846 328 sunt,
887 279 997 334 quod
1036 293 1059 322 e
1109 279 1301 335 paradiso
1352 279 1560 323 felicitatis

130 360 285 403 referto
321 359 484 402 exierit.

188 602 356 655 [Atque
387 599 441 642 ita
476 599 618 643 divino
662 600 825 643 doctori
872 601 1026 657 placuit
1058 604 1109 646 ab
1138 604 1215 645 boe
1250 603 1415 646 initium
1463 605 1561 649 doc·

125 682 246 724 trinae
280 693 366 723 suae
403 681 583 732 duoere3
624 695 720 724 uam
756 682 850 724 licet
895 683 1076 739 hymnus
1112 684 1180 727 ille
1211 683 1263 726 de
1297 698 1422 727 curru
1458 687 1558 730 Eze-

125 763 270 806 chielis
312 763 652 806 admirandarum
699 764 908 806 visionum
961 766 1173 821 prophetae
1226 766 1398 822 reliquis
1443 775 1560 810 ante-

126 846 274 896 cessit,
303 846 450 888 maluit
489 852 629 888 tamen
660 846 831 897 doctor,
873 847 1083 889 Adamum
1120 848 1310 890 omnium
1342 857 1558 904 parentem

126 929 393 972 homiliarum
418 942 589 972 suarum
617 942 766 985 agmen
792 930 970 981 ducere,
1001 931 1194 986 filiosque
1227 938 1387 986 patrem
1427 933 1560 987 sequi,

125 1011 215 1054 Hoc
237 1011 350 1054 enim
377 1024 543 1067 aequum
584 1011 690 1061 fuit,
731 1013 995 1069 hymnosque
1035 1021 1077 1055 et
1110 1013 1399 1068 expositiones
1443 1027 1558 1057 com-

127 1093 297 1149 posuit,
336 1093 379 1135 in
421 1093 574 1149 quibus
606 1093 831 1136 illustrium
863 1094 1047 1137 virorum
1086 1094 1292 1150 imagines
1324 1096 1560 1150 expressit,

127 1187 201 1229 per
243 1187 392 1217 omnes
433 1175 729 1231 generationes
774 1176 1010 1219 orationem
1046 1177 1207 1231 absque
1244 1176 1406 1219 ordinis
1432 1177 1561 1221 inter-

131 1255 329 1311 ruptione
359 1256 617 1310 deducens]

190 1483 386 1525 Gemmas
418 1495 518 1539 ergo
547 1490 586 1526 et
624 1483 828 1539 pretiosas
859 1484 1105 1540 margarites
1141 1497 1163 1527 e
1201 1485 1395 1529 thesauro
1427 1487 1504 1529 sibi
1539 1501 1562 1531 a

130 1563 312 1607 Domino
367 1577 571 1607 concesso
630 1566 776 1608 eduxit
829 1566 1076 1609 benedictus
1120 1569 1184 1608 ille
1237 1575 1378 1622 pater,
1430 1569 1563 1626 iisque

129 1659 306 1690 coronas
345 1648 479 1691 texuit
515 1648 683 1704 regibus
718 1657 759 1691 et
794 1649 1142 1698 dominantibus,
1174 1657 1318 1706 utpote
1349 1652 1419 1706 qui
1452 1661 1564 1697 esset

129 1731 396 1788 dispensator
428 1732 603 1775 scientia
645 1733 803 1788 peritus
841 1741 882 1775 et
921 1733 1198 1789 intelligentia
1234 1747 1424 1790 magnus.

189 1894 298 1936 Hinc
353 1894 601 1937 venerandis
652 1894 915 1950 singulorum
972 1895 1179 1950 capitibus
1225 1895 1338 1951 quod
1392 1896 1562 1952 proprio

128 1988 275 2018 eorum
312 1976 462 2018 honori
494 1989 727 2033 congruum
764 1984 875 2019 esset
907 1983 947 2019 et
985 1960 1139 2020 decens
1175 1977 1299 2032 coepit
1325 1977 1521 2020 ordinare
1552 1994 1562 2021 ε

128 2060 253 2115 capiti
287 2061 396 2116 regis
430 2060 673 2116 impositum
709 2061 787 2103 fuit
823 2060 1014 2104 diadema
1055 2061 1412 2117 pulcherrimum,
1449 2062 1564 2118 prin-

129 2141 210 2198 cipi
255 2150 395 2186 autem
433 2156 589 2186 corona
634 2156 685 2186 ex
731 2144 900 2201 beryllis
950 2151 1175 2194 contexta3
1209 2143 1373 2200 judices
1421 2151 1562 2187 autem

128 2232 169 2267 et
208 2224 336 2268 duces
375 2224 517 2281 populi
556 2225 781 2281 primates,
816 2226 1052 2282 margaritae
1094 2226 1289 2282 pretiosae
1331 2226 1559 2282 plurimum

128 2393 315 2425 orationem
352 2393 525 2425 deducens
564 2401 624 2434 per
661 2401 777 2425 omnes
812 2394 999 2426 successive
1028 2393 1290 2433 generationes,
1319 2398 1422 2434 atque
1453 2393 1565 2426 verbis

128 2450 198 2481 suis
223 2450 345 2482 divinis
369 2455 403 2482 et
428 2450 566 2482 vivificis
593 2450 757 2491 imagines
785 2451 974 2491 depingens
1004 2449 1186 2482 illustrium
1216 2450 1368 2481 virorum
1398 2459 1563 2491 quorum-

130 2516 265 2548 cunque
285 2508 447 2540 mundum
471 2508 614 2548 ingressi
639 2513 717 2540 sunt
742 2513 806 2540 ete.
821 2519 838 2539 »

175 2577 208 2599 v.
235 2568 313 2600 ⁶276.
342 2569 376 2600 ln
412 2578 491 2602 voce
526 2559 669 2601 »aes-20
705 2571 781 2602 duae
808 2571 928 2603 litterae
956 2570 1083 2611 priores
1116 2570 1260 2602 discerni
1287 2570 1374 2602 haud
1406 2576 1559 2611 poterant

134 2626 166 2656 in
192 2626 266 2658 eod.
