<?xml version="1.0" encoding="UTF-8"?>
<!DOCTYPE html PUBLIC "-//W3C//DTD XHTML 1.0 Transitional//EN"
    "http://www.w3.org/TR/xhtml1/DTD/xhtml1-transitional.dtd">
<html xmlns="http://www.w3.org/1999/xhtml" xml:lang="en" lang="en">
 <head>
  <title>
</title>
<meta http-equiv="Content-Type" content="text/html;charset=utf-8" />
  <meta name='ocr-system' content='tesseract 3.04.00' />
  <meta name='ocr-capabilities' content='ocr_page ocr_carea ocr_par ocr_line ocrx_word'/>
</head>
<body>
  <div class='ocr_page' id='page_1' title='image "./devitaetscriptis00abbeuoft_0025.png"; bbox 0 0 1931 3239; ppageno 0'>
   <div class='ocr_carea' id='block_1_1' title="bbox 698 192 1515 222">
    <p class='ocr_par' dir='ltr' id='par_1_1' title="bbox 698 192 1515 222">
     <span class='ocr_line' id='line_1_1' title="bbox 698 192 1515 222; baseline 0.002 -2"><span class='ocrx_word' id='word_1_1' title='bbox 698 192 925 220; x_wconf 58' lang='lat' dir='ltr'><strong>PRAEFATIO.</strong></span> <span class='ocrx_word' id='word_1_2' title='bbox 1446 197 1515 222; x_wconf 83' lang='lat' dir='ltr'><strong>XIX</strong></span> 
     </span>
    </p>
   </div>
   <div class='ocr_carea' id='block_1_2' title="bbox 87 295 1540 2544">
    <p class='ocr_par' dir='ltr' id='par_1_2' title="bbox 87 295 1540 2381">
     <span class='ocr_line' id='line_1_2' title="bbox 136 295 1515 343; baseline 0.001 -11"><span class='ocrx_word' id='word_1_3' title='bbox 136 297 316 333; x_wconf 69' lang='lat' dir='ltr'><strong>Praeterea</strong></span> <span class='ocrx_word' id='word_1_4' title='bbox 345 295 624 340; x_wconf 84' lang='lat' dir='ltr'><strong>conspiciuntur</strong></span> <span class='ocrx_word' id='word_1_5' title='bbox 653 296 688 330; x_wconf 90' lang='lat' dir='ltr'><strong>in</strong></span> <span class='ocrx_word' id='word_1_6' title='bbox 718 297 786 331; x_wconf 82' lang='lat' dir='ltr'><strong>boc</strong></span> <span class='ocrx_word' id='word_1_7' title='bbox 814 296 940 332; x_wconf 88' lang='lat' dir='ltr'><strong>codice</strong></span> <span class='ocrx_word' id='word_1_8' title='bbox 967 296 1049 331; x_wconf 74' lang='lat' dir='ltr'><strong>duae</strong></span> <span class='ocrx_word' id='word_1_9' title='bbox 1078 296 1267 343; x_wconf 69' lang='lat' dir='ltr'><strong>imagines,</strong></span> <span class='ocrx_word' id='word_1_10' title='bbox 1297 307 1388 342; x_wconf 82' lang='lat' dir='ltr'><strong>quos</strong></span> <span class='ocrx_word' id='word_1_11' title='bbox 1411 298 1515 333; x_wconf 77' lang='lat' dir='ltr'><strong>Asse-</strong></span> 
     </span>
     <span class='ocr_line' id='line_1_3' title="bbox 89 378 1515 425; baseline 0 -10"><span class='ocrx_word' id='word_1_12' title='bbox 89 389 218 415; x_wconf 82' lang='lat' dir='ltr'><strong>manus</strong></span> <span class='ocrx_word' id='word_1_13' title='bbox 243 379 279 413; x_wconf 88' lang='lat' dir='ltr'><strong>in</strong></span> <span class='ocrx_word' id='word_1_14' title='bbox 308 379 483 424; x_wconf 77' lang='lat' dir='ltr'><em>Caca1090</em></span> <span class='ocrx_word' id='word_1_15' title='bbox 502 378 551 413; x_wconf 77' lang='lat' dir='ltr'><strong>ita</strong></span> <span class='ocrx_word' id='word_1_16' title='bbox 577 378 752 414; x_wconf 76' lang='lat' dir='ltr'>describit</span> <span class='ocrx_word' id='word_1_17' title='bbox 772 389 780 413; x_wconf 90' lang='lat'>:</span> <span class='ocrx_word' id='word_1_18' title='bbox 804 391 822 411; x_wconf 90' lang='lat'>«</span> <span class='ocrx_word' id='word_1_19' title='bbox 841 379 939 414; x_wconf 81' lang='lat' dir='ltr'><strong>Binae</strong></span> <span class='ocrx_word' id='word_1_20' title='bbox 957 380 993 413; x_wconf 90' lang='lat' dir='ltr'><strong>in</strong></span> <span class='ocrx_word' id='word_1_21' title='bbox 1014 379 1082 415; x_wconf 89' lang='lat' dir='ltr'><strong>hoc</strong></span> <span class='ocrx_word' id='word_1_22' title='bbox 1101 379 1228 415; x_wconf 86' lang='lat' dir='ltr'><strong>codice</strong></span> <span class='ocrx_word' id='word_1_23' title='bbox 1246 386 1390 415; x_wconf 78' lang='lat' dir='ltr'><strong>exstant</strong></span> <span class='ocrx_word' id='word_1_24' title='bbox 1409 381 1515 425; x_wconf 54' lang='lat' dir='ltr'><strong>piene</strong></span> 
     </span>
     <span class='ocr_line' id='line_1_4' title="bbox 90 458 1512 506; baseline 0.001 -12"><span class='ocrx_word' id='word_1_25' title='bbox 90 473 108 494; x_wconf 87' lang='lat'>«</span> <span class='ocrx_word' id='word_1_26' title='bbox 137 466 355 506; x_wconf 82' lang='lat' dir='ltr'><strong>pervetustae</strong></span> <span class='ocrx_word' id='word_1_27' title='bbox 383 460 574 506; x_wconf 78' lang='lat' dir='ltr'><strong>imagines.</strong></span> <span class='ocrx_word' id='word_1_28' title='bbox 602 459 724 495; x_wconf 78' lang='lat' dir='ltr'><strong>Prima</strong></span> <span class='ocrx_word' id='word_1_29' title='bbox 752 459 816 495; x_wconf 85' lang='lat' dir='ltr'><strong>sol.</strong></span> <span class='ocrx_word' id='word_1_30' title='bbox 844 459 915 494; x_wconf 75' lang='lat'><strong>212</strong></span> <span class='ocrx_word' id='word_1_31' title='bbox 942 459 1089 495; x_wconf 76' lang='lat' dir='ltr'>exhibet</span> <span class='ocrx_word' id='word_1_32' title='bbox 1113 458 1297 495; x_wconf 79' lang='lat' dir='ltr'>Christum</span> <span class='ocrx_word' id='word_1_33' title='bbox 1319 461 1512 496; x_wconf 86' lang='lat' dir='ltr'><strong>Dominum</strong></span> 
     </span>
     <span class='ocr_line' id='line_1_5' title="bbox 91 541 1514 587; baseline 0.001 -13"><span class='ocrx_word' id='word_1_34' title='bbox 91 554 108 574; x_wconf 74' lang='lat' dir='ltr'><strong>&lt;c</strong></span> <span class='ocrx_word' id='word_1_35' title='bbox 137 552 248 586; x_wconf 89' lang='lat' dir='ltr'><strong>super</strong></span> <span class='ocrx_word' id='word_1_36' title='bbox 266 542 406 576; x_wconf 80' lang='lat' dir='ltr'>asinam</span> <span class='ocrx_word' id='word_1_37' title='bbox 432 541 639 584; x_wconf 82' lang='lat' dir='ltr'><strong>sedentem,</strong></span> <span class='ocrx_word' id='word_1_38' title='bbox 661 541 846 587; x_wconf 81' lang='lat' dir='ltr'><strong>apostolos</strong></span> <span class='ocrx_word' id='word_1_39' title='bbox 874 541 1067 576; x_wconf 84' lang='lat' dir='ltr'><strong>duodecim</strong></span> <span class='ocrx_word' id='word_1_40' title='bbox 1095 547 1291 586; x_wconf 75' lang='lat' dir='ltr'><strong>sequentes</strong></span> <span class='ocrx_word' id='word_1_41' title='bbox 1310 551 1351 577; x_wconf 79' lang='lat' dir='ltr'><strong>ac</strong></span> <span class='ocrx_word' id='word_1_42' title='bbox 1369 543 1514 577; x_wconf 77' lang='lat' dir='ltr'><strong>turbam</strong></span> 
     </span>
     <span class='ocr_line' id='line_1_6' title="bbox 91 623 1540 670; baseline 0.002 -14"><span class='ocrx_word' id='word_1_43' title='bbox 91 635 107 656; x_wconf 82' lang='grc' dir='ltr'>α</span> <span class='ocrx_word' id='word_1_44' title='bbox 137 623 269 667; x_wconf 73' lang='lat' dir='ltr'><strong>partim</strong></span> <span class='ocrx_word' id='word_1_45' title='bbox 292 628 516 668; x_wconf 70' lang='lat' dir='ltr'><strong>praeeuntem</strong></span> <span class='ocrx_word' id='word_1_46' title='bbox 535 651 543 665; x_wconf 94' lang='lat'><strong>,</strong></span> <span class='ocrx_word' id='word_1_47' title='bbox 564 623 697 668; x_wconf 78' lang='lat' dir='ltr'><strong>partim</strong></span> <span class='ocrx_word' id='word_1_48' title='bbox 715 623 934 658; x_wconf 83' lang='lat' dir='ltr'><strong>vestimenta</strong></span> <span class='ocrx_word' id='word_1_49' title='bbox 963 633 1026 658; x_wconf 84' lang='lat' dir='ltr'><strong>sua</strong></span> <span class='ocrx_word' id='word_1_50' title='bbox 1056 633 1120 668; x_wconf 83' lang='lat' dir='ltr'><strong>per</strong></span> <span class='ocrx_word' id='word_1_51' title='bbox 1147 624 1244 658; x_wconf 79' lang='lat' dir='ltr'><strong>viam</strong></span> <span class='ocrx_word' id='word_1_52' title='bbox 1263 629 1488 659; x_wconf 80' lang='lat' dir='ltr'><strong>sternentem</strong></span> <span class='ocrx_word' id='word_1_53' title='bbox 1507 636 1514 662; x_wconf 85' lang='grc'>;</span> <span class='ocrx_word' id='word_1_54' title='bbox 1537 668 1540 670; x_wconf 15' lang='lat' dir='ltr'>v</span> 
     </span>
     <span class='ocr_line' id='line_1_7' title="bbox 90 692 1515 755; baseline 0.002 -20"><span class='ocrx_word' id='word_1_55' title='bbox 90 715 108 735; x_wconf 86' lang='lat'>«</span> <span class='ocrx_word' id='word_1_56' title='bbox 137 713 220 738; x_wconf 87' lang='lat' dir='ltr'><strong>cum</strong></span> <span class='ocrx_word' id='word_1_57' title='bbox 240 702 440 750; x_wconf 78' lang='lat' dir='ltr'><strong>epigraphe</strong></span> <span class='ocrx_word' id='word_1_58' title='bbox 457 712 574 750; x_wconf 79' lang='lat' dir='ltr'><strong>graeca</strong></span> <span class='ocrx_word' id='word_1_59' title='bbox 594 692 636 735; x_wconf 83' lang='lat' dir='ltr'>H</span> <span class='ocrx_word' id='word_1_60' title='bbox 662 693 855 755; x_wconf 59' lang='grc' dir='ltr'><em>βαιφορος,</em></span> <span class='ocrx_word' id='word_1_61' title='bbox 876 709 911 737; x_wconf 87' lang='lat' dir='ltr'><strong>et</strong></span> <span class='ocrx_word' id='word_1_62' title='bbox 929 702 1061 749; x_wconf 80' lang='lat' dir='ltr'>syriaci</span> <span class='ocrx_word' id='word_1_63' title='bbox 1080 694 1220 742; x_wconf 49' lang='grc' dir='ltr'><strong>ἰίᾷιοῑ</strong></span> <span class='ocrx_word' id='word_1_64' title='bbox 1243 704 1266 739; x_wconf 88' lang='lat' dir='ltr'><strong>i.</strong></span> <span class='ocrx_word' id='word_1_65' title='bbox 1286 714 1317 739; x_wconf 86' lang='lat' dir='ltr'><strong>e.</strong></span> <span class='ocrx_word' id='word_1_66' title='bbox 1338 704 1515 738; x_wconf 77' lang='lat' dir='ltr'><strong>hosanna.</strong></span> 
     </span>
     <span class='ocr_line' id='line_1_8' title="bbox 91 782 1518 829; baseline 0.002 -13"><span class='ocrx_word' id='word_1_67' title='bbox 91 796 109 816; x_wconf 89' lang='lat'>«</span> <span class='ocrx_word' id='word_1_68' title='bbox 139 783 260 819; x_wconf 81' lang='lat' dir='ltr'><strong>Altera</strong></span> <span class='ocrx_word' id='word_1_69' title='bbox 293 783 357 820; x_wconf 87' lang='lat' dir='ltr'><strong>sol.</strong></span> <span class='ocrx_word' id='word_1_70' title='bbox 389 782 460 818; x_wconf 74' lang='lat'><strong>262</strong></span> <span class='ocrx_word' id='word_1_71' title='bbox 491 789 732 829; x_wconf 72' lang='lat' dir='ltr'><strong>repraesentat</strong></span> <span class='ocrx_word' id='word_1_72' title='bbox 760 783 946 819; x_wconf 81' lang='lat' dir='ltr'><strong>Christum</strong></span> <span class='ocrx_word' id='word_1_73' title='bbox 981 784 1176 820; x_wconf 86' lang='lat' dir='ltr'><strong>Dominum</strong></span> <span class='ocrx_word' id='word_1_74' title='bbox 1204 785 1305 819; x_wconf 82' lang='lat' dir='ltr'><strong>cruci</strong></span> <span class='ocrx_word' id='word_1_75' title='bbox 1335 784 1518 827; x_wconf 77' lang='lat' dir='ltr'><strong>adfixum,</strong></span> 
     </span>
     <span class='ocr_line' id='line_1_9' title="bbox 91 865 1515 912; baseline 0.001 -12"><span class='ocrx_word' id='word_1_76' title='bbox 91 879 108 899; x_wconf 94' lang='lat'>«</span> <span class='ocrx_word' id='word_1_77' title='bbox 138 865 267 901; x_wconf 85' lang='lat' dir='ltr'><strong>duobis</strong></span> <span class='ocrx_word' id='word_1_78' title='bbox 287 866 401 901; x_wconf 76' lang='lat' dir='ltr'><strong>clavis</strong></span> <span class='ocrx_word' id='word_1_79' title='bbox 420 866 456 901; x_wconf 93' lang='lat' dir='ltr'><strong>in</strong></span> <span class='ocrx_word' id='word_1_80' title='bbox 477 866 633 911; x_wconf 84' lang='lat' dir='ltr'><strong>pedibus</strong></span> <span class='ocrx_word' id='word_1_81' title='bbox 653 866 879 912; x_wconf 83' lang='lat' dir='ltr'><strong>totidemque</strong></span> <span class='ocrx_word' id='word_1_82' title='bbox 898 866 935 902; x_wconf 89' lang='lat' dir='ltr'><strong>in</strong></span> <span class='ocrx_word' id='word_1_83' title='bbox 956 866 1127 902; x_wconf 80' lang='lat' dir='ltr'><strong>manibus</strong></span> <span class='ocrx_word' id='word_1_84' title='bbox 1140 866 1304 909; x_wconf 79' lang='lat' dir='ltr'><strong>confixis,</strong></span> <span class='ocrx_word' id='word_1_85' title='bbox 1323 867 1515 911; x_wconf 71' lang='lat' dir='ltr'><strong>Deiparum</strong></span> 
     </span>
     <span class='ocr_line' id='line_1_10' title="bbox 92 948 1514 997; baseline 0.001 -15"><span class='ocrx_word' id='word_1_86' title='bbox 92 961 109 981; x_wconf 87' lang='lat'>«</span> <span class='ocrx_word' id='word_1_87' title='bbox 138 949 322 996; x_wconf 79' lang='lat' dir='ltr'><strong>Virginem</strong></span> <span class='ocrx_word' id='word_1_88' title='bbox 352 960 371 983; x_wconf 82' lang='lat' dir='ltr'>a</span> <span class='ocrx_word' id='word_1_89' title='bbox 398 948 537 984; x_wconf 81' lang='lat' dir='ltr'><strong>dextris</strong></span> <span class='ocrx_word' id='word_1_90' title='bbox 561 955 717 985; x_wconf 86' lang='lat' dir='ltr'><strong>stantem</strong></span> <span class='ocrx_word' id='word_1_91' title='bbox 738 956 772 984; x_wconf 89' lang='lat' dir='ltr'><strong>ct</strong></span> <span class='ocrx_word' id='word_1_92' title='bbox 790 949 994 985; x_wconf 62' lang='lat' dir='ltr'><strong>,Iohannem</strong></span> <span class='ocrx_word' id='word_1_93' title='bbox 1015 950 1278 997; x_wconf 78' lang='lat' dir='ltr'><strong>evangelistam</strong></span> <span class='ocrx_word' id='word_1_94' title='bbox 1298 960 1317 984; x_wconf 80' lang='lat' dir='ltr'>a</span> <span class='ocrx_word' id='word_1_95' title='bbox 1337 950 1514 991; x_wconf 74' lang='lat' dir='ltr'><strong>sinistris,</strong></span> 
     </span>
     <span class='ocr_line' id='line_1_11' title="bbox 91 1028 1514 1076; baseline 0.002 -14"><span class='ocrx_word' id='word_1_96' title='bbox 91 1041 108 1062; x_wconf 86' lang='lat'>«</span> <span class='ocrx_word' id='word_1_97' title='bbox 137 1028 289 1064; x_wconf 77' lang='lat' dir='ltr'><strong>radiatis</strong></span> <span class='ocrx_word' id='word_1_98' title='bbox 316 1035 394 1064; x_wconf 85' lang='lat' dir='ltr'><strong>tum</strong></span> <span class='ocrx_word' id='word_1_99' title='bbox 420 1029 555 1065; x_wconf 78' lang='lat' dir='ltr'><strong>Christi</strong></span> <span class='ocrx_word' id='word_1_100' title='bbox 584 1030 752 1072; x_wconf 85' lang='lat' dir='ltr'><strong>Domini,</strong></span> <span class='ocrx_word' id='word_1_101' title='bbox 773 1036 847 1065; x_wconf 87' lang='lat' dir='ltr'><strong>tum</strong></span> <span class='ocrx_word' id='word_1_102' title='bbox 874 1030 1038 1076; x_wconf 78' lang='lat' dir='ltr'><strong>Deiparae</strong></span> <span class='ocrx_word' id='word_1_103' title='bbox 1057 1037 1093 1066; x_wconf 88' lang='lat' dir='ltr'><strong>et</strong></span> <span class='ocrx_word' id='word_1_104' title='bbox 1110 1030 1288 1066; x_wconf 56' lang='lat' dir='ltr'><strong>,Iohannis</strong></span> <span class='ocrx_word' id='word_1_105' title='bbox 1312 1030 1514 1076; x_wconf 75' lang='lat' dir='ltr'><strong>capitibus,</strong></span> 
     </span>
     <span class='ocr_line' id='line_1_12' title="bbox 90 1111 1520 1158; baseline 0.003 -15"><span class='ocrx_word' id='word_1_106' title='bbox 90 1123 108 1144; x_wconf 91' lang='lat'>«</span> <span class='ocrx_word' id='word_1_107' title='bbox 138 1111 318 1147; x_wconf 84' lang='lat' dir='ltr'><strong>latronem</strong></span> <span class='ocrx_word' id='word_1_108' title='bbox 338 1116 514 1156; x_wconf 68' lang='lat' dir='ltr'><strong>praeterea</strong></span> <span class='ocrx_word' id='word_1_109' title='bbox 534 1111 724 1147; x_wconf 82' lang='lat' dir='ltr'><strong>dexterum</strong></span> <span class='ocrx_word' id='word_1_110' title='bbox 745 1118 781 1147; x_wconf 91' lang='lat' dir='ltr'><strong>et</strong></span> <span class='ocrx_word' id='word_1_111' title='bbox 799 1112 987 1148; x_wconf 85' lang='lat' dir='ltr'><strong>sinistrum</strong></span> <span class='ocrx_word' id='word_1_112' title='bbox 1003 1139 1012 1153; x_wconf 89' lang='lat'>‚</span> <span class='ocrx_word' id='word_1_113' title='bbox 1035 1122 1193 1158; x_wconf 91' lang='lat' dir='ltr'><strong>quorum</strong></span> <span class='ocrx_word' id='word_1_114' title='bbox 1211 1118 1334 1147; x_wconf 74' lang='lat' dir='ltr'><strong>tamen</strong></span> <span class='ocrx_word' id='word_1_115' title='bbox 1353 1118 1520 1157; x_wconf 89' lang='lat' dir='ltr'><strong>protome</strong></span> 
     </span>
     <span class='ocr_line' id='line_1_13' title="bbox 91 1186 1519 1240; baseline 0.002 -14"><span class='ocrx_word' id='word_1_116' title='bbox 91 1205 109 1225; x_wconf 78' lang='lat' dir='ltr'><strong>(t</strong></span> <span class='ocrx_word' id='word_1_117' title='bbox 137 1197 280 1227; x_wconf 78' lang='lat' dir='ltr'><strong>tantum</strong></span> <span class='ocrx_word' id='word_1_118' title='bbox 315 1192 473 1235; x_wconf 88' lang='lat' dir='ltr'><strong>visitur;</strong></span> <span class='ocrx_word' id='word_1_119' title='bbox 509 1193 656 1230; x_wconf 91' lang='lat' dir='ltr'><strong>demum</strong></span> <span class='ocrx_word' id='word_1_120' title='bbox 697 1204 808 1240; x_wconf 80' lang='lat' dir='ltr'><strong>supra</strong></span> <span class='ocrx_word' id='word_1_121' title='bbox 850 1204 998 1230; x_wconf 87' lang='lat' dir='ltr'><strong>crucem</strong></span> <span class='ocrx_word' id='word_1_122' title='bbox 1035 1194 1184 1229; x_wconf 81' lang='lat' dir='ltr'><strong>titulum</strong></span> <span class='ocrx_word' id='word_1_123' title='bbox 1221 1186 1405 1234; x_wconf 71' lang='grc' dir='ltr'>Βασιλενς</span> <span class='ocrx_word' id='word_1_124' title='bbox 1446 1203 1519 1229; x_wconf 78' lang='grc' dir='ltr'><strong>των</strong></span> 
     </span>
     <span class='ocr_line' id='line_1_14' title="bbox 91 1263 1522 1318; baseline 0.005 -14"><span class='ocrx_word' id='word_1_125' title='bbox 91 1282 109 1304; x_wconf 76' lang='grc' dir='ltr'>α</span> <span class='ocrx_word' id='word_1_126' title='bbox 138 1263 327 1318; x_wconf 53' lang='grc' dir='ltr'><strong>Ιουὸοαωνᾖ</strong></span> <span class='ocrx_word' id='word_1_127' title='bbox 359 1273 434 1308; x_wconf 75' lang='lat' dir='ltr'><strong>Reoe</strong></span> <span class='ocrx_word' id='word_1_128' title='bbox 451 1273 680 1315; x_wconf 77' lang='lat' dir='ltr'><strong>Judaeorum,</strong></span> <span class='ocrx_word' id='word_1_129' title='bbox 702 1281 738 1308; x_wconf 88' lang='lat' dir='ltr'><strong>et</strong></span> <span class='ocrx_word' id='word_1_130' title='bbox 758 1275 838 1310; x_wconf 87' lang='lat' dir='ltr'><strong>loco</strong></span> <span class='ocrx_word' id='word_1_131' title='bbox 858 1276 976 1310; x_wconf 78' lang='lat' dir='ltr'><strong>Patris</strong></span> <span class='ocrx_word' id='word_1_132' title='bbox 995 1285 1142 1310; x_wconf 78' lang='lat' dir='ltr'><strong>manum</strong></span> <span class='ocrx_word' id='word_1_133' title='bbox 1163 1286 1182 1311; x_wconf 89' lang='lat' dir='ltr'><strong>e</strong></span> <span class='ocrx_word' id='word_1_134' title='bbox 1202 1276 1362 1311; x_wconf 85' lang='lat' dir='ltr'><strong>nubibus</strong></span> <span class='ocrx_word' id='word_1_135' title='bbox 1387 1276 1522 1311; x_wconf 82' lang='lat' dir='ltr'><strong>‹lemis—</strong></span> 
     </span>
     <span class='ocr_line' id='line_1_15' title="bbox 92 1346 1518 1405; baseline -0.003 -15"><span class='ocrx_word' id='word_1_136' title='bbox 92 1367 109 1387; x_wconf 93' lang='lat'>«</span> <span class='ocrx_word' id='word_1_137' title='bbox 139 1364 215 1390; x_wconf 81' lang='lat' dir='ltr'><strong>sam</strong></span> <span class='ocrx_word' id='word_1_138' title='bbox 233 1365 314 1389; x_wconf 86' lang='lat' dir='ltr'><strong>cum</strong></span> <span class='ocrx_word' id='word_1_139' title='bbox 331 1354 529 1401; x_wconf 77' lang='lat' dir='ltr'><strong>epigraphe</strong></span> <span class='ocrx_word' id='word_1_140' title='bbox 544 1364 661 1401; x_wconf 78' lang='lat' dir='ltr'><strong>graeca</strong></span> <span class='ocrx_word' id='word_1_141' title='bbox 678 1365 685 1388; x_wconf 75' lang='grc' dir='ltr'>ι</span> <span class='ocrx_word' id='word_1_142' title='bbox 703 1346 741 1387; x_wconf 94' lang='grc' dir='ltr'>Η</span> <span class='ocrx_word' id='word_1_143' title='bbox 757 1347 959 1405; x_wconf 67' lang='grc' dir='ltr'><strong><em>Σταύρου-ις</em></strong></span> <span class='ocrx_word' id='word_1_144' title='bbox 979 1354 1051 1401; x_wconf 81' lang='lat' dir='ltr'><strong>(sic)</strong></span> <span class='ocrx_word' id='word_1_145' title='bbox 1070 1360 1105 1389; x_wconf 89' lang='lat' dir='ltr'><strong>et</strong></span> <span class='ocrx_word' id='word_1_146' title='bbox 1124 1355 1263 1401; x_wconf 78' lang='lat' dir='ltr'><strong>syriaca</strong></span> <span class='ocrx_word' id='word_1_147' title='bbox 1291 1350 1471 1401; x_wconf 49' lang='lat' dir='ltr'><strong>idea-..cp</strong></span> <span class='ocrx_word' id='word_1_148' title='bbox 1501 1366 1518 1385; x_wconf 87' lang='lat'>»</span> 
     </span>
     <span class='ocr_line' id='line_1_16' title="bbox 90 1433 1520 1481; baseline 0.001 -13"><span class='ocrx_word' id='word_1_149' title='bbox 90 1454 136 1459; x_wconf 86' lang='lat'>—</span> <span class='ocrx_word' id='word_1_150' title='bbox 155 1433 270 1470; x_wconf 86' lang='lat' dir='ltr'><strong>Porro</strong></span> <span class='ocrx_word' id='word_1_151' title='bbox 293 1434 337 1469; x_wconf 79' lang='lat' dir='ltr'><strong>ad</strong></span> <span class='ocrx_word' id='word_1_152' title='bbox 365 1440 508 1469; x_wconf 73' lang='lat' dir='ltr'><strong>:etatem</strong></span> <span class='ocrx_word' id='word_1_153' title='bbox 538 1435 648 1479; x_wconf 89' lang='lat' dir='ltr'><strong>hujus</strong></span> <span class='ocrx_word' id='word_1_154' title='bbox 676 1435 969 1480; x_wconf 62' lang='lat' dir='ltr'><strong>praestantissimi</strong></span> <span class='ocrx_word' id='word_1_155' title='bbox 990 1435 1127 1470; x_wconf 91' lang='lat' dir='ltr'><strong>codicis</strong></span> <span class='ocrx_word' id='word_1_156' title='bbox 1146 1434 1433 1481; x_wconf 78' lang='lat' dir='ltr'><strong>dignoscendam</strong></span> <span class='ocrx_word' id='word_1_157' title='bbox 1455 1435 1520 1469; x_wconf 76' lang='lat' dir='ltr'><strong>has</strong></span> 
     </span>
     <span class='ocr_line' id='line_1_17' title="bbox 92 1516 1521 1565; baseline -0.001 -13"><span class='ocrx_word' id='word_1_158' title='bbox 92 1518 268 1565; x_wconf 78' lang='lat' dir='ltr'><strong>imagines</strong></span> <span class='ocrx_word' id='word_1_159' title='bbox 295 1517 434 1563; x_wconf 81' lang='lat' dir='ltr'><strong>aliquid</strong></span> <span class='ocrx_word' id='word_1_160' title='bbox 463 1526 569 1562; x_wconf 80' lang='lat' dir='ltr'><strong>posse</strong></span> <span class='ocrx_word' id='word_1_161' title='bbox 596 1516 765 1552; x_wconf 87' lang='lat' dir='ltr'><strong>conferre</strong></span> <span class='ocrx_word' id='word_1_162' title='bbox 791 1523 915 1559; x_wconf 80' lang='lat' dir='ltr'><strong>ratus,</strong></span> <span class='ocrx_word' id='word_1_163' title='bbox 935 1517 980 1552; x_wconf 92' lang='lat' dir='ltr'><strong>de</strong></span> <span class='ocrx_word' id='word_1_164' title='bbox 1001 1517 1045 1552; x_wconf 88' lang='lat' dir='ltr'><strong>iis</strong></span> <span class='ocrx_word' id='word_1_165' title='bbox 1062 1517 1233 1552; x_wconf 86' lang='lat' dir='ltr'><strong>consului</strong></span> <span class='ocrx_word' id='word_1_166' title='bbox 1251 1518 1521 1564; x_wconf 77' lang='lat' dir='ltr'><strong>archaeologum</strong></span> 
     </span>
     <span class='ocr_line' id='line_1_18' title="bbox 93 1596 1521 1643; baseline 0 -11"><span class='ocrx_word' id='word_1_167' title='bbox 93 1596 375 1642; x_wconf 85' lang='lat' dir='ltr'><strong>peritissimum,</strong></span> <span class='ocrx_word' id='word_1_168' title='bbox 403 1596 651 1632; x_wconf 81' lang='lat' dir='ltr'><strong>clarissimum</strong></span> <span class='ocrx_word' id='word_1_169' title='bbox 685 1598 724 1631; x_wconf 92' lang='lat' dir='ltr'><strong>D.</strong></span> <span class='ocrx_word' id='word_1_170' title='bbox 757 1597 919 1642; x_wconf 86' lang='lat' dir='ltr'><strong>equitem</strong></span> <span class='ocrx_word' id='word_1_171' title='bbox 951 1596 1050 1632; x_wconf 68' lang='lat' dir='ltr'><strong>JOAN.</strong></span> <span class='ocrx_word' id='word_1_172' title='bbox 1086 1598 1193 1633; x_wconf 60' lang='lat' dir='ltr'><strong>BAPT.</strong></span> <span class='ocrx_word' id='word_1_173' title='bbox 1226 1609 1268 1632; x_wconf 81' lang='lat' dir='ltr'><strong>DE</strong></span> <span class='ocrx_word' id='word_1_174' title='bbox 1299 1598 1428 1640; x_wconf 67' lang='lat' dir='ltr'><strong>Rosss,</strong></span> <span class='ocrx_word' id='word_1_175' title='bbox 1458 1598 1521 1643; x_wconf 85' lang='lat' dir='ltr'><strong>qui</strong></span> 
     </span>
     <span class='ocr_line' id='line_1_19' title="bbox 91 1677 1522 1726; baseline -0.001 -12"><span class='ocrx_word' id='word_1_176' title='bbox 91 1678 309 1714; x_wconf 84' lang='lat' dir='ltr'><strong>sententiam</strong></span> <span class='ocrx_word' id='word_1_177' title='bbox 337 1687 442 1712; x_wconf 86' lang='lat' dir='ltr'><strong>suam</strong></span> <span class='ocrx_word' id='word_1_178' title='bbox 471 1677 538 1712; x_wconf 83' lang='lat' dir='ltr'><strong>hac</strong></span> <span class='ocrx_word' id='word_1_179' title='bbox 567 1677 612 1712; x_wconf 90' lang='lat' dir='ltr'><strong>de</strong></span> <span class='ocrx_word' id='word_1_180' title='bbox 639 1688 679 1712; x_wconf 88' lang='lat' dir='ltr'><strong>re</strong></span> <span class='ocrx_word' id='word_1_181' title='bbox 706 1687 850 1713; x_wconf 87' lang='lat' dir='ltr'><strong>mecum</strong></span> <span class='ocrx_word' id='word_1_182' title='bbox 873 1678 1137 1726; x_wconf 79' lang='lat' dir='ltr'><strong>benignissime</strong></span> <span class='ocrx_word' id='word_1_183' title='bbox 1156 1679 1257 1714; x_wconf 90' lang='lat' dir='ltr'><strong>hisce</strong></span> <span class='ocrx_word' id='word_1_184' title='bbox 1283 1679 1405 1714; x_wconf 87' lang='lat' dir='ltr'><strong>verbis</strong></span> <span class='ocrx_word' id='word_1_185' title='bbox 1423 1689 1522 1714; x_wconf 85' lang='lat' dir='ltr'><strong>com-</strong></span> 
     </span>
     <span class='ocr_line' id='line_1_20' title="bbox 92 1763 1519 1811; baseline 0 -12"><span class='ocrx_word' id='word_1_186' title='bbox 92 1764 294 1799; x_wconf 76' lang='lat' dir='ltr'><strong>municavit</strong></span> <span class='ocrx_word' id='word_1_187' title='bbox 322 1774 330 1798; x_wconf 90' lang='lat'>:</span> <span class='ocrx_word' id='word_1_188' title='bbox 358 1763 458 1800; x_wconf 79' lang='lat' dir='ltr'><strong>«J&#39;ai</strong></span> <span class='ocrx_word' id='word_1_189' title='bbox 486 1763 654 1799; x_wconf 78' lang='lat' dir='ltr'><strong>examine</strong></span> <span class='ocrx_word' id='word_1_190' title='bbox 691 1763 743 1799; x_wconf 90' lang='lat' dir='ltr'><strong>les</strong></span> <span class='ocrx_word' id='word_1_191' title='bbox 776 1763 994 1799; x_wconf 83' lang='lat' dir='ltr'><strong>miniatures</strong></span> <span class='ocrx_word' id='word_1_192' title='bbox 1027 1763 1075 1800; x_wconf 91' lang='lat' dir='ltr'><strong>du</strong></span> <span class='ocrx_word' id='word_1_193' title='bbox 1115 1764 1318 1801; x_wconf 82' lang='lat' dir='ltr'><strong>manuscrit</strong></span> <span class='ocrx_word' id='word_1_194' title='bbox 1348 1765 1519 1811; x_wconf 78' lang='lat' dir='ltr'><strong>syriaque</strong></span> 
     </span>
     <span class='ocr_line' id='line_1_21' title="bbox 87 1845 1518 1894; baseline 0.002 -15"><span class='ocrx_word' id='word_1_195' title='bbox 87 1859 104 1880; x_wconf 78' lang='grc' dir='ltr'>α</span> <span class='ocrx_word' id='word_1_196' title='bbox 136 1857 207 1892; x_wconf 88' lang='lat' dir='ltr'><strong>que</strong></span> <span class='ocrx_word' id='word_1_197' title='bbox 237 1856 327 1882; x_wconf 90' lang='lat' dir='ltr'><strong>vous</strong></span> <span class='ocrx_word' id='word_1_198' title='bbox 363 1856 449 1882; x_wconf 82' lang='lat' dir='ltr'><strong>avez</strong></span> <span class='ocrx_word' id='word_1_199' title='bbox 477 1845 627 1894; x_wconf 77' lang='lat' dir='ltr'><strong>designe</strong></span> <span class='ocrx_word' id='word_1_200' title='bbox 659 1846 679 1881; x_wconf 73' lang='grc' dir='ltr'><strong>ἐι</strong></span> <span class='ocrx_word' id='word_1_201' title='bbox 713 1856 796 1882; x_wconf 84' lang='lat' dir='ltr'><strong>mon</strong></span> <span class='ocrx_word' id='word_1_202' title='bbox 831 1846 1025 1882; x_wconf 82' lang='lat' dir='ltr'><strong>attention.</strong></span> <span class='ocrx_word' id='word_1_203' title='bbox 1057 1846 1225 1892; x_wconf 85' lang='lat' dir='ltr'><strong>Quoique</strong></span> <span class='ocrx_word' id='word_1_204' title='bbox 1255 1847 1292 1892; x_wconf 84' lang='lat' dir='ltr'><strong>je</strong></span> <span class='ocrx_word' id='word_1_205' title='bbox 1325 1847 1518 1883; x_wconf 77' lang='lat' dir='ltr'><strong>connaisse</strong></span> 
     </span>
     <span class='ocr_line' id='line_1_22' title="bbox 89 1926 1519 1974; baseline 0.002 -15"><span class='ocrx_word' id='word_1_206' title='bbox 89 1940 105 1960; x_wconf 88' lang='lat'>«</span> <span class='ocrx_word' id='word_1_207' title='bbox 135 1937 201 1972; x_wconf 81' lang='lat' dir='ltr'><strong>par</strong></span> <span class='ocrx_word' id='word_1_208' title='bbox 227 1926 443 1973; x_wconf 80' lang='lat' dir='ltr'><strong>experience</strong></span> <span class='ocrx_word' id='word_1_209' title='bbox 469 1927 503 1962; x_wconf 87' lang='lat' dir='ltr'><strong>le</strong></span> <span class='ocrx_word' id='word_1_210' title='bbox 529 1927 668 1974; x_wconf 82' lang='lat' dir='ltr'><strong>danger</strong></span> <span class='ocrx_word' id='word_1_211' title='bbox 695 1937 766 1973; x_wconf 89' lang='lat' dir='ltr'><strong>que</strong></span> <span class='ocrx_word' id='word_1_212' title='bbox 803 1927 874 1962; x_wconf 87' lang='lat' dir='ltr'><strong>l&#39;on</strong></span> <span class='ocrx_word' id='word_1_213' title='bbox 911 1933 1016 1962; x_wconf 86' lang='lat' dir='ltr'><strong>court</strong></span> <span class='ocrx_word' id='word_1_214' title='bbox 1051 1937 1095 1963; x_wconf 88' lang='lat' dir='ltr'><strong>en</strong></span> <span class='ocrx_word' id='word_1_215' title='bbox 1132 1927 1285 1962; x_wconf 83' lang='lat' dir='ltr'><strong>voulant</strong></span> <span class='ocrx_word' id='word_1_216' title='bbox 1312 1927 1420 1973; x_wconf 78' lang='lat' dir='ltr'><strong>juger</strong></span> <span class='ocrx_word' id='word_1_217' title='bbox 1456 1927 1519 1962; x_wconf 89' lang='lat' dir='ltr'><strong>des</strong></span> 
     </span>
     <span class='ocr_line' id='line_1_23' title="bbox 89 2008 1522 2055; baseline 0 -12"><span class='ocrx_word' id='word_1_218' title='bbox 89 2022 105 2042; x_wconf 91' lang='lat'>«</span> <span class='ocrx_word' id='word_1_219' title='bbox 135 2009 303 2055; x_wconf 86' lang='lat' dir='ltr'><strong>produits</strong></span> <span class='ocrx_word' id='word_1_220' title='bbox 322 2009 367 2045; x_wconf 88' lang='lat' dir='ltr'><strong>de</strong></span> <span class='ocrx_word' id='word_1_221' title='bbox 395 2009 476 2045; x_wconf 81' lang='lat' dir='ltr'><strong>l&#39;art</strong></span> <span class='ocrx_word' id='word_1_222' title='bbox 503 2010 659 2047; x_wconf 80' lang='lat' dir='ltr'><strong>oriental</strong></span> <span class='ocrx_word' id='word_1_223' title='bbox 688 2008 834 2055; x_wconf 79' lang='lat' dir='ltr'><strong>d&#39;apres</strong></span> <span class='ocrx_word' id='word_1_224' title='bbox 862 2008 915 2044; x_wconf 87' lang='lat' dir='ltr'><strong>les</strong></span> <span class='ocrx_word' id='word_1_225' title='bbox 947 2008 1142 2045; x_wconf 83' lang='lat' dir='ltr'><strong>habitudes</strong></span> <span class='ocrx_word' id='word_1_226' title='bbox 1173 2010 1342 2054; x_wconf 78' lang='lat' dir='ltr'><strong>acquises</strong></span> <span class='ocrx_word' id='word_1_227' title='bbox 1371 2019 1434 2044; x_wconf 88' lang='lat' dir='ltr'><strong>sur</strong></span> <span class='ocrx_word' id='word_1_228' title='bbox 1468 2009 1522 2044; x_wconf 90' lang='lat' dir='ltr'><strong>les</strong></span> 
     </span>
     <span class='ocr_line' id='line_1_24' title="bbox 91 2090 1520 2137; baseline 0.001 -12"><span class='ocrx_word' id='word_1_229' title='bbox 91 2105 107 2124; x_wconf 73' lang='lat' dir='ltr'><em>a</em></span> <span class='ocrx_word' id='word_1_230' title='bbox 139 2098 372 2126; x_wconf 87' lang='lat' dir='ltr'><strong>monuments</strong></span> <span class='ocrx_word' id='word_1_231' title='bbox 390 2091 436 2127; x_wconf 84' lang='lat' dir='ltr'><strong>de</strong></span> <span class='ocrx_word' id='word_1_232' title='bbox 456 2091 670 2135; x_wconf 85' lang='lat' dir='ltr'><strong>l’Occident‚</strong></span> <span class='ocrx_word' id='word_1_233' title='bbox 683 2091 774 2137; x_wconf 80' lang='lat' dir='ltr'><strong>j&#39;ose</strong></span> <span class='ocrx_word' id='word_1_234' title='bbox 793 2091 947 2127; x_wconf 81' lang='lat' dir='ltr'><strong>emettre</strong></span> <span class='ocrx_word' id='word_1_235' title='bbox 968 2101 1038 2126; x_wconf 91' lang='lat' dir='ltr'><strong>une</strong></span> <span class='ocrx_word' id='word_1_236' title='bbox 1053 2091 1203 2136; x_wconf 89' lang='lat' dir='ltr'><strong>opinion</strong></span> <span class='ocrx_word' id='word_1_237' title='bbox 1219 2101 1282 2126; x_wconf 90' lang='lat' dir='ltr'><strong>sur</strong></span> <span class='ocrx_word' id='word_1_238' title='bbox 1298 2091 1332 2126; x_wconf 79' lang='lat' dir='ltr'><strong>la</strong></span> <span class='ocrx_word' id='word_1_239' title='bbox 1350 2090 1520 2136; x_wconf 82' lang='lat' dir='ltr'><strong>question</strong></span> 
     </span>
     <span class='ocr_line' id='line_1_25' title="bbox 89 2171 1522 2221; baseline -0.001 -12"><span class='ocrx_word' id='word_1_240' title='bbox 89 2187 108 2208; x_wconf 77' lang='grc' dir='ltr'>α</span> <span class='ocrx_word' id='word_1_241' title='bbox 136 2174 324 2220; x_wconf 81' lang='lat' dir='ltr'><strong>proposee.</strong></span> <span class='ocrx_word' id='word_1_242' title='bbox 356 2173 522 2210; x_wconf 78' lang='lat' dir='ltr'><strong>L&#39;entree</strong></span> <span class='ocrx_word' id='word_1_243' title='bbox 549 2173 594 2210; x_wconf 92' lang='lat' dir='ltr'><strong>de</strong></span> <span class='ocrx_word' id='word_1_244' title='bbox 620 2173 933 2221; x_wconf 75' lang='lat' dir='ltr'><strong>Notre-Seigneur</strong></span> <span class='ocrx_word' id='word_1_245' title='bbox 956 2173 976 2208; x_wconf 68' lang='grc' dir='ltr'><strong>ἐι</strong></span> <span class='ocrx_word' id='word_1_246' title='bbox 994 2172 1199 2208; x_wconf 74' lang='lat' dir='ltr'><strong>Jerusalem</strong></span> <span class='ocrx_word' id='word_1_247' title='bbox 1227 2173 1368 2208; x_wconf 88' lang='lat' dir='ltr'><strong>semble</strong></span> <span class='ocrx_word' id='word_1_248' title='bbox 1395 2171 1522 2217; x_wconf 77' lang='lat' dir='ltr'><strong>copiee</strong></span> 
     </span>
     <span class='ocr_line' id='line_1_26' title="bbox 90 2252 1522 2303; baseline 0 -14"><span class='ocrx_word' id='word_1_249' title='bbox 90 2269 107 2290; x_wconf 86' lang='lat'>«</span> <span class='ocrx_word' id='word_1_250' title='bbox 137 2254 281 2301; x_wconf 79' lang='lat' dir='ltr'><strong>d&#39;apres</strong></span> <span class='ocrx_word' id='word_1_251' title='bbox 296 2265 344 2291; x_wconf 90' lang='lat' dir='ltr'><strong>un</strong></span> <span class='ocrx_word' id='word_1_252' title='bbox 363 2254 519 2303; x_wconf 81' lang='lat' dir='ltr'><strong>original</strong></span> <span class='ocrx_word' id='word_1_253' title='bbox 539 2265 585 2291; x_wconf 91' lang='lat' dir='ltr'><strong>ou</strong></span> <span class='ocrx_word' id='word_1_254' title='bbox 606 2261 691 2302; x_wconf 88' lang='lat' dir='ltr'><strong>type</strong></span> <span class='ocrx_word' id='word_1_255' title='bbox 710 2254 967 2297; x_wconf 79' lang='lat' dir='ltr'><strong>traditionnel;</strong></span> <span class='ocrx_word' id='word_1_256' title='bbox 988 2254 1050 2300; x_wconf 87' lang='lat' dir='ltr'><strong>qui</strong></span> <span class='ocrx_word' id='word_1_257' title='bbox 1070 2254 1236 2299; x_wconf 81' lang='lat' dir='ltr'><strong>rappelle</strong></span> <span class='ocrx_word' id='word_1_258' title='bbox 1255 2254 1289 2289; x_wconf 90' lang='lat' dir='ltr'><strong>le</strong></span> <span class='ocrx_word' id='word_1_259' title='bbox 1307 2252 1459 2289; x_wconf 78' lang='lat' dir='ltr'><strong>sixieme</strong></span> <span class='ocrx_word' id='word_1_260' title='bbox 1475 2263 1522 2289; x_wconf 93' lang='lat' dir='ltr'><strong>ou</strong></span> 
     </span>
     <span class='ocr_line' id='line_1_27' title="bbox 89 2334 1520 2381; baseline -0.001 -11"><span class='ocrx_word' id='word_1_261' title='bbox 89 2348 108 2370; x_wconf 88' lang='lat'>«</span> <span class='ocrx_word' id='word_1_262' title='bbox 137 2336 172 2370; x_wconf 89' lang='lat' dir='ltr'><strong>le</strong></span> <span class='ocrx_word' id='word_1_263' title='bbox 199 2335 377 2381; x_wconf 77' lang='lat' dir='ltr'><strong>septieme</strong></span> <span class='ocrx_word' id='word_1_264' title='bbox 403 2336 534 2380; x_wconf 80' lang='lat' dir='ltr'><strong>siecle;</strong></span> <span class='ocrx_word' id='word_1_265' title='bbox 560 2337 653 2372; x_wconf 80' lang='lat' dir='ltr'><strong>mais</strong></span> <span class='ocrx_word' id='word_1_266' title='bbox 680 2337 715 2372; x_wconf 90' lang='lat' dir='ltr'><strong>le</strong></span> <span class='ocrx_word' id='word_1_267' title='bbox 742 2336 997 2372; x_wconf 88' lang='lat' dir='ltr'><strong>crucifiement</strong></span> <span class='ocrx_word' id='word_1_268' title='bbox 1024 2346 1081 2371; x_wconf 90' lang='lat' dir='ltr'><strong>me</strong></span> <span class='ocrx_word' id='word_1_269' title='bbox 1101 2335 1219 2380; x_wconf 79' lang='lat' dir='ltr'><strong>parait</strong></span> <span class='ocrx_word' id='word_1_270' title='bbox 1238 2334 1324 2380; x_wconf 90' lang='lat' dir='ltr'><strong>plus</strong></span> <span class='ocrx_word' id='word_1_271' title='bbox 1342 2335 1481 2370; x_wconf 80' lang='lat' dir='ltr'><strong>recent.</strong></span> <span class='ocrx_word' id='word_1_272' title='bbox 1502 2348 1520 2368; x_wconf 90' lang='lat'>»</span> 
     </span>
    </p>

    <p class='ocr_par' dir='ltr' id='par_1_3' title="bbox 91 2406 1521 2544">
     <span class='ocr_line' id='line_1_28' title="bbox 136 2406 1521 2464; baseline -0.001 -11"><span class='ocrx_word' id='word_1_273' title='bbox 136 2418 216 2454; x_wconf 86' lang='lat' dir='ltr'><strong>Jam</strong></span> <span class='ocrx_word' id='word_1_274' title='bbox 233 2428 320 2455; x_wconf 90' lang='lat' dir='ltr'><strong>vero</strong></span> <span class='ocrx_word' id='word_1_275' title='bbox 338 2429 381 2455; x_wconf 82' lang='lat' dir='ltr'><strong>ex</strong></span> <span class='ocrx_word' id='word_1_276' title='bbox 398 2419 607 2455; x_wconf 86' lang='lat' dir='ltr'><strong>litterarum</strong></span> <span class='ocrx_word' id='word_1_277' title='bbox 623 2406 740 2455; x_wconf 69' lang='lat' dir='ltr'><strong>forma</strong></span> <span class='ocrx_word' id='word_1_278' title='bbox 758 2424 884 2464; x_wconf 82' lang='lat' dir='ltr'><strong>patere</strong></span> <span class='ocrx_word' id='word_1_279' title='bbox 899 2418 1031 2463; x_wconf 86' lang='lat' dir='ltr'><strong>opinor</strong></span> <span class='ocrx_word' id='word_1_280' title='bbox 1046 2416 1211 2453; x_wconf 83' lang='lat' dir='ltr'><strong>codicem</strong></span> <span class='ocrx_word' id='word_1_281' title='bbox 1229 2416 1297 2452; x_wconf 82' lang='lat'><strong>118</strong></span> <span class='ocrx_word' id='word_1_282' title='bbox 1313 2426 1386 2451; x_wconf 90' lang='lat' dir='ltr'><strong>non</strong></span> <span class='ocrx_word' id='word_1_283' title='bbox 1404 2415 1521 2452; x_wconf 81' lang='lat' dir='ltr'><strong>fuisse</strong></span> 
     </span>
     <span class='ocr_line' id='line_1_29' title="bbox 91 2498 1521 2544; baseline -0.001 -10"><span class='ocrx_word' id='word_1_284' title='bbox 91 2504 171 2544; x_wconf 86' lang='lat' dir='ltr'><strong>post</strong></span> <span class='ocrx_word' id='word_1_285' title='bbox 188 2500 366 2535; x_wconf 82' lang='lat' dir='ltr'><strong>saeculum</strong></span> <span class='ocrx_word' id='word_1_286' title='bbox 386 2510 523 2537; x_wconf 90' lang='lat' dir='ltr'><strong>nonum</strong></span> <span class='ocrx_word' id='word_1_287' title='bbox 542 2500 600 2535; x_wconf 90' lang='lat' dir='ltr'><strong>vel</strong></span> <span class='ocrx_word' id='word_1_288' title='bbox 622 2499 807 2536; x_wconf 87' lang='lat' dir='ltr'><strong>decimum</strong></span> <span class='ocrx_word' id='word_1_289' title='bbox 828 2498 1098 2544; x_wconf 83' lang='lat' dir='ltr'><strong>conscriptum;</strong></span> <span class='ocrx_word' id='word_1_290' title='bbox 1115 2507 1274 2544; x_wconf 87' lang='lat' dir='ltr'><strong>cumque</strong></span> <span class='ocrx_word' id='word_1_291' title='bbox 1291 2498 1521 2543; x_wconf 80' lang='lat' dir='ltr'><strong>picturarum</strong></span> 
     </span>
    </p>
   </div>
   <div class='ocr_carea' id='block_1_3' title="bbox 90 2579 1526 2628">
    <p class='ocr_par' dir='ltr' id='par_1_4' title="bbox 90 2579 1526 2628">
     <span class='ocr_line' id='line_1_30' title="bbox 90 2579 1526 2628; baseline -0.003 -11"><span class='ocrx_word' id='word_1_292' title='bbox 90 2582 205 2617; x_wconf 80' lang='lat' dir='ltr'><strong>altera</strong></span> <span class='ocrx_word' id='word_1_293' title='bbox 244 2582 354 2628; x_wconf 86' lang='lat' dir='ltr'><strong>paulo</strong></span> <span class='ocrx_word' id='word_1_294' title='bbox 396 2582 583 2628; x_wconf 79' lang='lat' dir='ltr'><strong>antiquior</strong></span> <span class='ocrx_word' id='word_1_295' title='bbox 629 2588 739 2628; x_wconf 83' lang='lat' dir='ltr'><strong>atque</strong></span> <span class='ocrx_word' id='word_1_296' title='bbox 784 2581 828 2617; x_wconf 81' lang='lat' dir='ltr'><strong>ad</strong></span> <span class='ocrx_word' id='word_1_297' title='bbox 875 2580 1038 2617; x_wconf 81' lang='lat' dir='ltr'><strong>codicem</strong></span> <span class='ocrx_word' id='word_1_298' title='bbox 1080 2580 1124 2616; x_wconf 83' lang='lat' dir='ltr'><strong>ab</strong></span> <span class='ocrx_word' id='word_1_299' title='bbox 1161 2579 1266 2617; x_wconf 88' lang='lat' dir='ltr'><strong>initio</strong></span> <span class='ocrx_word' id='word_1_300' title='bbox 1304 2579 1526 2626; x_wconf 83' lang='lat' dir='ltr'><strong>pertinuisse</strong></span> 
     </span>
    </p>
   </div>
  </div>
 </body>
</html>
