1931 3239
326 191 387 225 180
949 202 1076 230 CAPUT
1098 202 1139 229 11.

323 288 490 344 itaque,
519 291 585 333 cui
609 291 856 334 Theodorus
887 291 1211 347 Mopsuestenus
1235 299 1276 336 et
1299 292 1509 336 Diodorus
1531 291 1749 335 Tarsensis

323 361 595 415 praeiverant,
621 375 762 405 revera
781 363 888 405 duos
916 363 1024 405 filios
1047 372 1089 406 et
1115 364 1217 406 duas
1249 364 1403 408 Christi
1425 376 1625 420 personas
1648 374 1752 418 prae-

324 431 511 485 dicabat;
540 434 752 477 interdum
780 441 918 477 tamen
942 435 1032 491 ejus
1054 436 1276 492 discipuli,
1303 444 1346 478 ut
1375 436 1516 478 sucum
1541 436 1749 484 facerent,

324 514 547 557 personam
573 517 722 554 unam,
750 503 788 548 ’έν
813 511 1007 566 πρόσωπον
1026 541 1036 560 ,
1064 520 1280 562 unumque
1305 507 1457 549 Filium
1481 506 1750 553 asserebant,

322 587 454 616 unum
484 576 646 619 unitate
683 576 859 626 morali,
893 590 1157 633 nequaquam
1191 591 1284 621 vera
1318 586 1358 621 et
1395 577 1596 627 naturali;
1628 585 1753 632 atque

324 645 508 701 idipsum
540 656 604 690 est
628 648 740 703 quod
771 662 896 704 supra
927 649 1045 705 (pag.
1079 650 1191 706 100)
1224 650 1266 692 in
1294 652 1461 703 epistola
1495 651 1550 692 ad
1582 650 1753 691 Samue-

323 721 398 760 lem
433 728 580 763 auctor
619 721 905 764 callidioribus
942 722 1123 764 Nestorii
1172 722 1388 778 discipulis
1425 722 1641 770 attribuit,
1683 721 1751 764 ubi

323 801 396 832 eos
441 791 671 834 refellendo
714 792 906 835 eamdem
947 806 1090 836 vocem
1133 793 1273 853 l-20332
1312 799 1506 854 πρόσωπον
1553 793 1752 842 adhibet,

324 872 405 914 qua
432 861 538 904 istos
566 863 744 905 subdole
770 863 924 905 abusos
952 864 1081 907 fuisse
1109 863 1307 906 historice
1338 871 1517 905 constat.

384 933 476 988 Age
511 946 635 981 vero,
668 934 702 976 si
735 934 769 976 is
794 934 939 977 Jacobi
971 947 1125 990 scopus
1156 935 1209 977 ob
1236 934 1382 976 oculos
1409 934 1634 983 habeatur,
1669 947 1751 976 non

324 1002 445 1045 video
466 1004 564 1058 quid
592 1012 811 1059 tantopere
834 1004 874 1046 in
897 1005 998 1048 locis
1019 1005 1144 1047 modo
1171 1005 1356 1047 recitatis
1379 1004 1593 1047 offendere
1613 1014 1751 1060 queat.

386 1073 618 1117 Difficultas
649 1087 741 1130 quae
785 1076 993 1130 reperitur
1029 1076 1071 1117 in
1102 1075 1152 1117 iis
1184 1088 1277 1130 quae
1310 1075 1361 1117 de
1391 1083 1633 1117 naturarum
1662 1088 1755 1131 pro-

325 1144 573 1199 prietatibus
613 1146 760 1188 scribit
801 1146 1076 1201 Sarugensis,
1108 1146 1269 1189 solvere
1303 1146 1382 1188 sibi
1415 1146 1528 1188 visus
1570 1154 1633 1189 est
1667 1147 1754 1189 Jos.

272 1223 279 1226 “
324 1215 427 1258 Sim.
469 1218 727 1259 Assemanus
774 1217 850 1273 (ι),
887 1217 1066 1259 dicendo
1116 1217 1167 1259 ab
1212 1229 1261 1259 eo
1310 1230 1434 1259 «non
1476 1217 1755 1273 proprietates

327 1303 346 1325 «
385 1287 562 1344 intelligi
605 1301 699 1344 quae
736 1289 788 1331 ad
836 1301 975 1331 rerum
1029 1288 1309 1331 substantiam
1351 1295 1568 1343 spectant,
1609 1289 1754 1344 quales

328 1374 346 1396 «
385 1366 484 1400 sunt
532 1358 573 1400 in
616 1359 788 1401 homine
832 1359 1108 1415 proprietates
1148 1358 1360 1401 naturales
1398 1358 1548 1401 animae
1586 1366 1628 1402 et
1664 1372 1756 1402 cor-

328 1445 347 1468 «
387 1429 525 1485 poris;
565 1431 638 1473 sed
684 1444 754 1473 eas
797 1430 1016 1473 dumtaxat
1067 1430 1277 1486 designari
1326 1442 1419 1486 quae
1477 1431 1756 1475 accidentales

328 1518 347 1540 «
386 1509 485 1543 sunt
515 1509 557 1544 et
588 1502 892 1545 extrinsecae.»

382 1573 521 1616 Nolim
560 1574 802 1630 hujusmodi
843 1575 1098 1617 solutionem
1134 1574 1174 1616 in
1213 1586 1257 1617 se
1293 1581 1524 1629 spectatam
1563 1574 1756 1617 salsitatis

324 1657 523 1700 arguere3
559 1658 642 1687 non
678 1646 845 1688 videtur
883 1653 1020 1689 tamen
1056 1653 1203 1688 auctor
1238 1646 1510 1688 doctissimus
1552 1659 1640 1689 rem
1678 1659 1755 1689 acu

326 1716 541 1771 tetigisse,
577 1717 764 1772 mihique
803 1718 1024 1773 praeplacet
1055 1717 1131 1760 alia
1168 1717 1462 1773 explicationis
1487 1717 1565 1759 via.
1596 1718 1642 1759 ln
1674 1718 1755 1773 pri·

326 1786 432 1836 mis,
472 1787 582 1830 ultro
619 1788 787 1843 quidem
821 1789 954 1831 fateor
990 1788 1269 1844 proprietates
1304 1790 1568 1831 accidentales
1598 1796 1756 1832 naturae

325 1953 390 1993 καί
421 1953 584 2011 Χριστὸν
622 1954 845 2009 καλοῦντες.Γ
871 1956 934 1996 καί
967 1955 1024 1996 τὸν
1049 1952 1247 2013 ἄνθρωπον
1275 1957 1566 2011 κεχωρισμένως
1592 1955 1755 2013 Χριστὸν

324 2029 389 2069 καί
421 2030 492 2071 υἱὸν
523 2032 783 2086 ὀνομάζοντεςῖ
809 2031 875 2072 καὶ
902 2028 964 2072 δύο
991 2034 1175 2089 πρόσωπα
1208 2039 1404 2091 προφανῶς
1437 2029 1622 2088 λέγοντες,
1655 2032 1756 2072 κατὰ

323 2108 439 2160 μόνην
472 2109 537 2156 τὴν
569 2109 839 2165 προσηγορίανῖ
877 2108 943 2148 καὶ
973 2111 1102 2163 τιμὴν,
1140 2107 1205 2148 καὶ
1235 2105 1366 2161 ἀξίαν,
1394 2107 1458 2148 καὶ
1486 2107 1752 2165 προσκύνησιν,

324 2181 390 2220 καί
422 2178 460 2220 ἓν
501 2184 712 2240 πρόσωπον7
756 2182 821 2223 καί
863 2178 927 2223 ἕνα
960 2182 1122 2241 Χριστὸν
1166 2183 1418 2239 ὑποκρίνονται
1458 2180 1580 2238 λέγειν
1601 2194 1609 2203 ·
1651 2174 1760 2223 Ἀλλ’

323 2253 390 2310 οὐχ
412 2254 585 2313 ὁμολογεῖ
608 2260 672 2306 τὴν
700 2253 833 2298 ἕνωσιν
865 2264 923 2299 τοῦ
947 2256 1041 2298 Θεοῦ
1072 2256 1179 2313 λόγον
1206 2256 1293 2314 πρὸς
1323 2259 1452 2314 σάρκα
1481 2257 1754 2313 έμψυχωμένην

325 2328 430 2388 ψυχῇ
459 2329 590 2390 λογικῇ
602 2365 613 2387 .,
650 2333 715 2373 καί
751 2330 883 2391 νοερᾷῆ
921 2334 1022 2373 κατὰ
1057 2332 1254 2385 σύνθεσιν,
1292 2328 1406 2388 ἤγουν
1443 2332 1528 2372 καθ’
1553 2333 1756 2374 ὑπόστασιν

325 2407 600 2461 γεγεννῆσθαι,
642 2408 766 2454 καθὼς
798 2411 827 2447 οἱ
864 2404 962 2465 ἅγιοι
1003 2410 1163 2465 πατέρες
1202 2404 1409 2456 &andagav-
1449 2408 1514 2447 καί
1553 2405 1617 2449 διὰ
1653 2412 1755 2448 τοῦτο

324 2483 417 2533 μίαν
446 2480 554 2522 αὐτοῦ
587 2485 652 2531 τὴν
683 2484 905 2531 ὑπόστασιν,
940 2478 959 2523 ὅ
991 2484 1130 2524 έστινὸ
1165 2482 1288 2539 κύριος
1322 2480 1457 2531 Ἰησοῦς
1493 2482 1671 2540 Χριστὸς,
1704 2481 1754 2529 εἷς

327 2564 390 2605 τῆς
423 2557 534 2612 ἁγίας
567 2555 737 2615 τριάδος·
773 2561 790 2598 ‘o
820 2563 970 2604 τοιοῦτος
998 2557 1171 2613 ἀνάθεμα
1201 2552 1318 2598 ἔστω.

375 2641 417 2679 (¹)
445 2641 477 2672 B.
505 2641 540 2672 Ο.
571 2641 602 2678 l,
632 2641 707 2672 ⁹297.
