1931 3239
587 213 753 239 CARMEN
779 213 807 238 11
832 213 881 238 DE
907 214 940 238 B.
968 212 1004 237 v.
1032 212 1074 237 M.
1488 204 1549 236 2212}

108 304 197 360 pies
225 303 493 360 omnigenam
524 304 856 347 incolumitatem
887 317 937 347 ex
968 304 1157 346 doctrina
1189 317 1280 360 quae
1315 304 1544 347 vulneratis

110 387 307 430 medetur
340 386 489 442 gratis!

167 468 253 511 Nisi
271 468 450 511 transire
466 468 650 524 potuerit
670 481 823 524 corpus
846 481 918 524 per
935 482 1089 525 eorpus
1110 469 1210 523 quin
1237 470 1313 511 hoe
1334 470 1540 525 aperiret,

105 564 205 608 age,
231 551 473 594 demonstra
499 552 600 593 mihi
636 553 688 594 ab
721 552 831 594 Heva
859 552 987 595 fuisse
1015 560 1207 608 apertum
1229 553 1338 595 latus
1368 554 1535 596 Adami.

164 634 380 677 Feminam
420 634 548 676 fuisse
584 642 744 689 partam
782 648 804 676 a
846 635 935 677 viro
974 635 1213 683 confiteris,
1254 649 1331 678 nec
1366 636 1465 679 illud
1500 645 1541 680 te

105 725 266 774 gravat,
295 725 336 760 et
363 730 488 773 porro
518 730 602 760 non
635 718 772 760 eredis
811 717 981 760 Mariam
1023 718 1234 774 peperisse
1269 718 1538 775 virginaliter.

106 801 148 844 Si
185 801 372 843 mulieris
411 801 591 843 claustra
630 801 846 857 virginalia
879 802 932 843 ob
976 809 1067 843 tuas
1105 801 1359 844 ratiunculas
1404 802 1540 844 soluta

108 882 312 934 volueris,
364 883 517 939 aperiri
578 891 889 939 consequenter
946 883 1139 927 debuerit
1195 884 1302 926 latus
1361 884 1510 927 Adami
1530 918 1539 935 ‚

100 966 224 1022 juxta
257 966 297 1009 id
331 967 444 1022 quod
481 967 647 1009 asseris.

166 1047 306 1090 Exivit
324 1048 437 1091 Heva
454 1048 553 1103 quin
576 1055 695 1104 porta
713 1048 971 1103 aperiretur,
992 1049 1103 1103 qnod
1126 1049 1299 1092 minime
1322 1049 1542 1099 inficiaris3

105 1137 169 1172 ast
192 1129 341 1172 exierit
364 1130 497 1172 Filius
539 1130 614 1173 Dei
650 1143 700 1172 ex
725 1138 846 1172 utero
878 1138 919 1173 et
953 1130 1019 1172 hic
1043 1131 1136 1173 ideo
1174 1131 1298 1173 suerit
1319 1134 1511 1186 apertus!

165 1213 375 1256 Masculus
404 1214 549 1256 foetum
578 1213 793 1270 produxit,
821 1221 862 1256 et
890 1213 1109 1269 vestigium
1140 1214 1270 1269 ipsius
1301 1216 1424 1256 foetus
1455 1228 1538 1257 non

103 1294 365 1350 agnoscitur3
403 1295 454 1337 de
493 1295 644 1337 femina
677 1308 773 1338 vero
806 1294 957 1350 injurie
992 1295 1193 1338 asseritur
1229 1295 1351 1351 liujus
1391 1297 1535 1339 foetum

105 1389 190 1418 non
219 1376 372 1420 exiisse
407 1377 508 1432 quin
539 1378 618 1420 sihi
652 1385 814 1433 portam
849 1378 1043 1433 aperiret.

164 1458 324 1509 Adam,
367 1466 462 1501 utut
503 1459 588 1509 vir,
631 1459 828 1502 feminam
874 1459 981 1515 parit
1026 1473 1102 1502 nee
1147 1460 1323 1502 dubium
1363 1460 1414 1504 de
1457 1461 1534 1504 hoc

106 1548 322 1592 movetur3
351 1553 448 1584 cum
479 1554 575 1585 vero
613 1542 740 1585 Maria
771 1541 924 1585 mulier
959 1542 1066 1598 parit
1094 1542 1324 1592 infantem,
1352 1543 1541 1586 exoritur

105 1623 372 1680 disceptatio.

165 1707 343 1763 Egressa
375 1714 439 1749 est
471 1707 582 1749 Heva
618 1715 659 1750 et
690 1715 734 1750 tu
765 1722 848 1751 non
879 1708 1020 1764 palpas
1048 1716 1092 1750 ut
1127 1716 1289 1764 portam
1322 1709 1537 1764 inquiras3

103 1796 167 1832 ast
200 1802 296 1832 cum
330 1789 537 1832 Dominus
570 1798 714 1833 noster
752 1803 947 1846 egressus
987 1798 1076 1840 est,
1111 1803 1208 1833 ecee
1245 1799 1287 1833 tu
1321 1791 1411 1846 ejus
1448 1803 1537 1834 ves-

106 1871 206 1928 tigia
239 1872 429 1928 indagas.

164 1954 208 1997 Si
247 1967 400 2010 negare
438 1953 642 2003 volueris,
679 1954 843 1996 auferas
876 1961 1102 2009 utrumque
1136 1967 1186 1997 ex
1224 1955 1413 1998 doctrina
1446 1964 1533 2004 tua,

106 2034 147 2082 et
189 2039 276 2081 noli
310 2038 502 2081 confiteri
532 2038 743 2081 Adamum
792 2038 1026 2094 peperisse,
1057 2051 1141 2081 non
1191 2052 1286 2082 vero
1324 2040 1495 2082 Mariam
1528 2055 1537 2081 :

103 2122 296 2177 iniquum
325 2122 404 2164 hoc
435 2129 521 2171 est,
554 2128 599 2163 ut
629 2121 774 2163 credas
802 2128 968 2176 partum
997 2135 1019 2164 a
1050 2121 1137 2164 viro
1170 2122 1328 2164 editum
1348 2155 1357 2172 ,
1388 2122 1535 2165 mulie-

105 2217 193 2247 rem
221 2217 319 2248 vero
353 2203 642 2252 calumnieris,
677 2203 794 2259 quasi
838 2203 962 2246 fuerit
1004 2204 1091 2246 haec
1119 2217 1191 2260 per
1220 2212 1382 2260 partum
1412 2219 1534 2248 suum

106 2296 317 2343 corrupta.

169 2369 331 2412 Relicta
360 2372 486 2423 iqitur
515 2371 558 2410 in
578 2370 716 2411 Maria
747 2368 891 2410 fuisset
913 2367 1085 2410 infantis
1108 2368 1193 2417 via,
1215 2369 1290 2410 viri
1315 2377 1452 2412 autem
1473 2372 1541 2412 via

108 2522 148 2554 Et
174 2523 207 2554 in
235 2520 386 2554 Car-mm.
412 2522 513 2554 nisib.
542 2532 573 2563 p.
603 2521 666 2554 139
702 2504 823 2559 hux-23
851 2506 925 2574 ιε’-εξ
954 2526 1091 2561 «auget
1117 2530 1246 2554 usuras.
1266 2522 1401 2554 »—Ex
1420 2522 1544 2563 quibus

110 2595 202 2632 patet
238 2591 342 2624 verbo
380 2591 552 2623 notionem
591 2592 702 2624 inesse
734 2590 958 2628 abundandi,
997 2591 1241 2632 significatione
1283 2600 1359 2624 vero
1394 2592 1498 2624 activa
1531 2601 1539 2624 ε

108 2653 357 2691 coacervandi,
383 2652 579 2697 colliqendi,
605 2655 691 2687 sicut
717 2654 880 2686 chaldaic.
907 2656 986 2699 Περ
