1931 3239
590 170 757 196 CARMEN
782 171 809 197 11
836 171 885 196 DE
911 172 944 197 13.
974 172 1009 196 v.
1038 172 1078 197 M.
1489 165 1550 197 ³360

109 260 179 304 ille
209 260 406 317 intelligit
436 273 531 304 eum
557 275 642 305 non
677 275 894 319 egressum
924 263 1053 306 fuisse
1086 263 1211 305 illaesa
1242 264 1387 306 matris
1427 264 1550 321 virgi-

110 343 255 387 nitate.
298 345 562 388 Adveniente
610 346 770 388 infante
817 346 889 388 illo
932 360 1006 402 per
1059 359 1275 403 egressum
1323 361 1444 390 suum
1498 349 1549 391 ad

111 428 371 483 corporalem
418 428 770 484 generationem,
821 442 908 472 non
966 430 1103 484 potuit
1152 430 1347 472 exeundo
1394 431 1548 473 intacta

112 509 349 564 relinquere
379 509 595 566 virginalia
627 510 761 566 signa.
797 510 878 562 Qui
916 511 1071 553 fatetur
1101 511 1180 567 ipsi
1215 512 1342 555 luisse
1372 525 1548 568 corpus,

108 601 151 636 et
188 606 360 636 sensum
401 601 443 636 et
484 593 760 650 sanguinem,
797 593 976 637 affirmet
1013 602 1055 637 et
1091 595 1219 645 illud,
1259 609 1354 638 eum
1400 595 1547 638 matris

109 687 195 718 suae
230 675 407 718 solvisse
443 675 686 732 virginalia;
724 675 794 731 qui
831 688 929 718 vero
966 676 1067 719 dicit
1103 689 1194 719 eam
1227 677 1269 718 in
1309 677 1546 733 virginitate

108 758 390 814 permansisse
417 758 686 814 perenniter,
715 771 810 801 cum
837 758 916 801 hoc
947 759 1069 801 simul
1096 768 1254 802 asserat
1281 773 1303 802 a
1332 760 1438 803 Filio
1467 761 1543 804 Dei

108 852 262 894 corpus
290 852 376 882 non
412 840 541 882 fuisse
577 848 899 897 assumptum.»

168 912 475 976 Haec‘quidem
521 921 725 977 insipiens
765 922 817 965 de
860 923 935 965 hac
978 916 1218 965 beatissima
1262 923 1399 967 docet.
1445 925 1536 967 Jam

106 1016 224 1047 amor
255 1005 511 1048 sententiam
543 1018 661 1047 suam
691 1005 875 1048 dilucide
905 1006 1145 1061 eloquatur.

165 1084 209 1127 Si
246 1085 301 1127 ita
334 1093 423 1135 est,
457 1092 502 1127 ut
536 1092 578 1128 tu
616 1085 743 1133 dicis,
775 1098 799 1128 o
830 1099 1056 1142 arrogans,
1088 1099 1225 1141 neque
1257 1099 1385 1142 puer,
1418 1100 1543 1143 quem

104 1167 250 1224 genuit
287 1168 414 1211 Maria
447 1176 511 1211 est
541 1167 829 1211 Admirabilis.
865 1168 908 1212 Si
947 1177 989 1211 tu
1028 1182 1100 1225 per
1138 1176 1251 1211 tuam
1290 1169 1540 1225 sapientiam

106 1264 192 1294 reni
226 1264 400 1307 prorsus
427 1252 720 1307 explicaveris,
754 1253 943 1295 aufertur
978 1253 1029 1295 ab
1057 1266 1104 1296 ea
1143 1266 1269 1297 omne
1297 1254 1537 1311 prodigium

106 1342 146 1378 et
176 1343 327 1378 cuncta
355 1345 480 1379 erunt
515 1343 676 1393 aperta.

165 1459 254 1503 Nisi
282 1459 453 1503 tandem
485 1460 621 1503 subsit
648 1459 803 1516 aliquid
840 1460 980 1516 magni
1013 1460 1123 1515 quod
1153 1468 1194 1504 te
1225 1461 1372 1511 lateat,
1403 1469 1448 1504 tu
1477 1463 1544 1504 Fi-

104 1543 207 1587 lium
240 1542 416 1600 ejusque
447 1544 707 1588 nativitatem
745 1545 1116 1601 pervestigaveris,
1146 1552 1188 1587 et
1216 1545 1333 1588 valde
1365 1558 1541 1602 magnus

103 1626 231 1669 fueris
274 1627 365 1683 ipse
411 1643 419 1669 :
462 1635 503 1670 et
539 1628 573 1670 si
608 1628 664 1670 ita
702 1635 788 1679 est,
827 1628 869 1670 in
905 1627 1210 1671 Admirabilem
1240 1629 1422 1671 evaseris
1466 1636 1538 1679 tu,

104 1716 229 1766 atque
261 1723 442 1760 nomen,
474 1711 586 1766 quod
615 1710 722 1754 Filio
754 1711 956 1767 imposuit
992 1711 1142 1762 Isaias,
1175 1718 1295 1754 tuum
1327 1712 1478 1755 fuerit!

167 1901 303 1945 Penes
331 1908 374 1944 te
400 1909 482 1944 stat
508 1913 636 1945 omne
664 1901 927 1958 prodigium,
957 1910 1166 1958 quatenus
1194 1904 1231 1946 ei
1260 1904 1442 1947 sufficias
1471 1912 1539 1956 tu,

104 1983 175 2039 qui
203 1983 310 2027 viam
338 1983 432 2026 Filii
460 1983 819 2039 comprehendere
846 1984 1063 2027 valuisses.
1090 1984 1274 2027 Transiit
1299 1985 1537 2042 prodigium

103 2078 125 2108 a
164 2065 382 2108 nativitate
419 2064 491 2107 filii
529 2065 630 2114 Dei,
667 2071 712 2107 tu
748 2077 846 2108 vero
878 2065 981 2108 illud
1023 2065 1097 2108 tibi
1140 2066 1338 2122 rapuisti,
1378 2075 1419 2110 et
1453 2067 1539 2123 jam

105 2161 190 2190 non
224 2147 305 2190 nisi
338 2155 378 2190 te
410 2147 504 2202 quis
536 2147 828 2190 admirabitur.

163 2264 225 2306 Tu
273 2262 547 2306 Admirabilis
595 2276 640 2306 es
687 2271 728 2307 et
775 2264 816 2305 in
868 2271 906 2307 te
948 2273 1010 2306 est
1053 2264 1288 2308 admirandi
1331 2269 1461 2316 ratio,
1503 2268 1538 2310 si

103 2354 241 2390 tamen
270 2360 415 2390 verum
445 2348 498 2390 sit
527 2347 638 2403 quod
671 2349 857 2404 potueris
893 2350 999 2392 viam
1040 2346 1320 2405 perscrutari,
1352 2365 1443 2407 quae
1470 2359 1535 2395 est

102 2431 409 2473 scrutatoribus
444 2431 666 2475 excelsior.

163 2513 280 2556 Duos
331 2512 599 2556 admirabiles
655 2513 849 2570 nuspiam
888 2526 955 2556 me
994 2513 1116 2556 docet
1154 2513 1387 2570 scriptura3
1426 2523 1466 2558 et
1503 2515 1535 2558 si

104 2605 189 2636 non
219 2593 273 2637 sit
299 2593 557 2637 credendum
586 2601 626 2636 te
653 2606 747 2637 esse
771 2594 1079 2641 admirabilem,
1109 2607 1134 2637 0
1161 2594 1310 2638 doctor
1337 2597 1533 2652 superbe,

239 2746 264 2759 e
