1931 3239
401 211 443 244 96
1025 217 1152 243 CAPUT
1177 218 1201 242 ῑ.

404 310 743 367 comparaverim
797 322 968 358 verum,
1038 309 1200 352 etiamsi
1258 309 1410 351 dicitur
1470 308 1534 363 (v.
1583 311 1670 352 450
1720 310 1831 365 seq.)

407 402 426 424 «
454 396 538 426 non
573 395 624 425 ex
661 382 849 425 saeculari
888 381 1091 437 sapientia
1129 382 1251 424 verba
1291 381 1464 431 fecisse,
1502 381 1572 423 sed
1606 393 1654 423 ex
1692 381 1830 423 afflatu

404 455 585 510 Spiritus
633 453 830 501 sancti,»
878 452 973 495 ideo
1011 452 1184 494 minime
1234 452 1472 494 excluditur
1515 451 1719 493 industria
1760 453 1833 493 bu-

407 539 553 575 mana,
583 537 675 580 quae
704 524 860 579 inipso
884 524 1053 565 insitam
1084 524 1331 578 sapientiam
1364 523 1641 578 promoverit.
1671 523 1832 565 coelesti

405 597 560 640 auxilio
620 595 840 638 accedens
889 594 1027 646 Quare
1076 594 1293 649 probabile
1349 594 1491 649 judico
1547 594 1656 648 quod
1708 595 1834 636 refert

406 669 539 710 Mares
567 666 805 709 Salomonis
829 664 963 715 fitius,
995 664 1136 707 saeculi
1160 665 1234 707 Xll
1261 665 1441 719 scriptor
1477 664 1743 706 nestorianus
1771 663 1832 720 (1),

406 740 633 790 nimirum,
664 738 869 781 Jacobum
912 750 992 779 una
1028 750 1122 779 cum
1156 737 1382 778 Bai-sauma
1422 735 1674 778 nestorianae
1710 743 1835 778 sectae

405 813 653 868 corypbaeo,
702 810 863 852 litteras
911 808 1109 851 didicisse
1159 808 1200 850 in
1257 807 1398 850 schola
1455 808 1687 856 edessena;
1731 820 1835 862 quas

402 890 541 926 autern
583 882 640 924 ibi
681 881 803 923 salsas
842 880 1044 922 admiscet
1087 879 1426 927 criminationes,
1469 878 1604 933 capite
1642 878 1834 932 sequenti

403 953 569 1011 plenius
611 952 886 1007 redarguam,
929 951 998 993 ubi
1042 950 1320 992 vindicabitur
1351 949 1494 992 Jacobi
1535 949 1666 990 nostri
1694 949 1835 990 catho-

403 1026 481 1068 lica
527 1024 641 1067 tides.
690 1024 862 1066 Interim
909 1036 959 1065 ex
1005 1022 1203 1065 Simeone
1240 1020 1614 1064 Beth-Arsamensi
1652 1019 1698 1075 (a)
1738 1033 1837 1062 cona-

404 1105 488 1139 stat
522 1096 690 1138 Edessae
718 1102 806 1137 tum
842 1093 1044 1149 temporis
1076 1106 1159 1135 non
1191 1106 1341 1141 unam,
1371 1092 1483 1147 quod
1518 1091 1668 1146 injuria
1702 1092 1836 1134 Mares

405 1168 633 1224 supponit,
668 1167 740 1208 sed
771 1165 980 1220 duplicem
1008 1164 1221 1206 exstitisse
1251 1164 1434 1206 scholam
1458 1196 1468 1213 ‚
1502 1176 1677 1218 quarum
1707 1163 1836 1205 altera

403 1241 630 1282 Persarum
655 1244 743 1279 erat
775 1244 816 1278 et
844 1236 1112 1292 Assyriorum
1137 1236 1308 1290 persicae
1339 1235 1488 1277 ditioni
1519 1234 1806 1289 subjectorum
1825 1268 1835 1284 ,

409 1312 854 1366 Mesopotamenorum
884 1308 1026 1350 altera.
1051 1308 1160 1350 Fieri
1194 1308 1334 1362 itaque
1359 1307 1496 1362 potuit
1527 1307 1729 1349 Jacobum
1756 1320 1836 1348 una

406 1396 501 1425 cum
549 1382 774 1424 Barsauma
825 1379 866 1420 in
902 1380 1105 1421 edessena
1152 1379 1348 1427 civitate,
1385 1378 1584 1434 Syrorum
1630 1377 1836 1427 Athenis,

406 1452 656 1497 eruditionis
686 1464 810 1493 causa
833 1458 1042 1493 versatum
1073 1450 1226 1499 fuisse,
1251 1450 1351 1492 dum
1372 1450 1574 1504 persicam
1604 1449 1684 1497 bie,
1712 1449 1834 1490 aliam

406 1525 475 1568 ille
526 1523 709 1566 scholam
749 1522 919 1573 adibat;
951 1530 1102 1576 atque,
1143 1529 1187 1563 ut
1218 1521 1273 1562 ita
1316 1528 1551 1563 statuamus
1597 1519 1836 1562 inducimur

407 1598 595 1654 ejusdem
629 1596 839 1640 Simeonis
868 1595 1088 1651 scriptoris
1122 1595 1247 1637 coaevi
1278 1593 1550 1641 testimonio,
1584 1593 1739 1648 quippe
1768 1593 1838 1646 qui

409 1670 605 1714 undecim
638 1668 791 1711 scholae
827 1667 1000 1722 persicae
1030 1666 1283 1708 celebriores
1323 1665 1554 1720 discipulos
1585 1676 1836 1712 recensens,

405 1742 548 1787 ¹iacobi
591 1741 746 1783 nullam
786 1739 1044 1781 mentionem
1082 1739 1277 1787 exbibet;
1308 1737 1431 1793 hujus
1468 1738 1655 1792 profecto
1694 1743 1837 1777 aucto-

408 1815 508 1857 ritas
552 1810 775 1855 assertioni
812 1811 1023 1861 bominis,
1065 1811 1107 1852 in
1145 1810 1383 1853 Catliolicos
1417 1817 1458 1851 et
1491 1808 1703 1851 Jacobitas
1752 1807 1835 1862 ple-

455 1974 497 2013 (ι)
525 1973 560 2004 ln
588 1973 676 2004 libro
701 1981 802 2012 quem
833 1964 1002 2019 dm
1040 1969 1148 2001 turris
1174 1970 1357 2009 inscripsit.
1387 1970 1590 2001 Assemanns
1627 1969 1660 1999 B.
1695 1968 1732 1999 O.
1770 1967 1808 1999 lli
1827 1992 1834 2005 ,

408 2041 473 2073 584
514 2049 607 2080 seqq.
648 2040 736 2071 hunc
768 2040 893 2071 librum
930 2021 1052 2070 tribuit
1086 2038 1267 2078 scriptori,
1304 2037 1438 2068 duobus
1475 2037 1599 2068 seculis
1636 2036 1838 2075 posteriori,

408 2106 532 2139 nempo
558 2097 649 2129 Amri
676 2097 822 2128 Matthaei
843 2096 932 2133 filio,
953 2096 1011 2136 qui
1030 2096 1132 2127 etiam
1151 2103 1235 2135 opus
1252 2095 1402 2126 exaravit
1425 2094 1543 2125 eodem
1572 2093 1672 2124 titulo
1696 2092 1839 2132 insigni-

408 2160 492 2187 tum.
525 2155 590 2186 Sed
630 2155 719 2185 bunc
760 2163 935 2190 errorem.
970 2163 1011 2185 ex
1049 2152 1267 2184 Abulbarcati
1304 2151 1505 2183 auctoritate
1544 2155 1578 2182 et
1613 2150 1837 2190 quorumdam

409 2212 716 2252 manuscriptorum
744 2212 902 2243 mendosa
939 2209 1160 2250 inscriptione
1197 2213 1371 2249 acceptum
1389 2233 1397 2245 ,
1424 2208 1563 2247 corrigit
1588 2207 1672 2238 ibid.
1701 2217 1732 2247 p.
1761 2206 1842 2238 580.

409 2271 512 2303 Porro
532 2270 602 2302 haec
617 2274 696 2301 sunt
713 2269 812 2300 Maris
830 2269 953 2300 verba:
972 2279 988 2297 ι(
1004 2267 1147 2298 Jacobus
1165 2266 1363 2306 Sarugensis
1381 2265 1461 2297 olim
1475 2264 1613 2305 quidem
1629 2263 1840 2295 orthodoxus

411 2338 430 2358 (t
457 2326 711 2367 (nestorianus)
729 2325 855 2361 fuerat,
875 2329 908 2356 et
926 2324 959 2355 in
975 2324 1089 2355 schola
1108 2323 1273 2354 Edessena
1290 2331 1354 2354 una
1372 2330 1448 2354 cum
1468 2322 1646 2353 Barsauma
1665 2320 1840 2357 eruditus;

413 2394 431 2414 «
457 2392 495 2415 ac
522 2389 637 2424 postea
665 2383 903 2422 imperatorem
939 2381 1063 2412 Severo
1099 2379 1209 2411 favere
1236 2379 1453 2417 intelligens,
1482 2378 1554 2417 ejus
1591 2385 1742 2409 errorem
1769 2385 1842 2407 am-

413 2451 432 2472 «
459 2440 579 2482 plexus
605 2444 676 2477 est,
703 2439 905 2480 scriptisque
931 2436 1144 2469 sermonibus
1174 2444 1274 2467 unam
1309 2435 1443 2467 Christo
1469 2435 1579 2466 inesse
1615 2432 1839 2465 substantiam

413 2510 432 2530 «
460 2503 494 2530 et
521 2498 733 2529 divinitatem
761 2505 889 2537 passam
917 2495 1019 2527 fuisse
1044 2493 1266 2526 affirmavit.»

459 2559 504 2598 (a)
530 2556 597 2588 Cir.
626 2556 658 2587 B.
687 2555 723 2587 Ο.
750 2555 774 2586 l.
803 2565 834 2595 p.
862 2554 929 2586 205
954 2562 1023 2593 seq.
1043 2570 1087 2576 -
1115 2553 1160 2584 De
1185 2550 1420 2584 celeberrimis
1445 2549 1572 2581 scholis
1598 2548 1730 2580 Edessae
1756 2547 1838 2580 olim

411 2614 625 2656 vigentibus,
663 2613 739 2645 vide
773 2612 858 2644 ibid.
883 2612 918 2644 in
943 2610 1116 2653 Ρνοῐοῃο,
1146 2619 1221 2652 pag.
1247 2609 1301 2648 tv,
1330 2612 1364 2641 et
1392 2618 1423 2648 p.
1448 2607 1538 2647 27o;
1568 2607 1649 2639 item
1678 2611 1758 2638 tom.
1786 2604 1810 2636 ll
1829 2628 1837 2641 ‚

413 2681 447 2712 p.
473 2670 569 2709 4023
595 2675 676 2702 tom.
703 2669 769 2708 111,
796 2668 921 2710 pp.63,
948 2666 1026 2706 226,
1055 2666 1132 2699 576.
