1931 3239
775 199 937 228 THESES.
1515 195 1579 230 337

794 320 921 362 LXII.

198 416 252 460 Ut
283 415 396 460 licite
425 423 468 461 et
505 418 720 461 fructuose
757 417 1043 475 suscipiantur
1066 426 1328 463 sacramenta
1358 423 1574 472 vivorum,

137 499 213 542 per
240 500 285 531 se
315 487 527 543 loquendo
552 488 782 544 requiritur
818 496 954 532 status
983 489 1142 546 gratiae.
1177 490 1360 534 Necesse
1386 504 1486 548 ergo
1512 498 1578 535 est

136 565 183 600 ut
215 558 287 613 qui
322 558 482 614 peccati
515 559 705 601 mortalis
736 559 815 602 sibi
843 560 1039 603 conscius
1069 567 1133 604 est
1162 569 1233 603 aut
1263 562 1577 605 confessionem

136 628 357 680 instituat,
401 636 472 672 aut
504 630 805 674 contritionem
852 632 1079 687 perfectam
1119 640 1217 676 ante
1260 632 1399 676 eliciat
1450 647 1576 689 quam

136 701 188 744 ad
224 701 294 745 illa
342 701 542 754 accedat3
590 710 716 758 atque
761 703 796 745 si
826 717 966 747 sermo
1012 704 1067 747 sit
1101 704 1153 748 de
1200 718 1256 748 ss.
1284 705 1577 756 Eucharistia‚

136 772 500 817 sacramentaliter
531 774 784 817 confiteatur
812 788 987 819 necesse
1021 783 1086 819 est
1105 808 1115 827 ,
1149 784 1328 833 excepto
1357 790 1454 821 casu
1491 790 1575 833 quo

136 845 368 888 necessitas
414 846 757 890 communicandi
807 847 869 891 vel
913 848 1153 892 celebrandi
1197 856 1343 905 urgeat
1383 856 1426 893 et
1457 849 1577 905 copia

136 916 386 960 confessarii
426 916 549 961 desit.

791 1048 936 1090 LXIII.

194 1159 465 1216 Baptismus,
497 1167 615 1203 extra
649 1172 792 1203 casum
834 1159 1050 1217 martyrii,
1081 1159 1279 1202 omnibus
1309 1159 1361 1202 ad
1395 1159 1572 1205 salutem

136 1230 400 1274 necessarius
432 1238 496 1274 est
528 1231 781 1274 necessitate
814 1231 969 1281 medii,
1003 1231 1043 1273 in
1074 1243 1118 1274 re
1149 1230 1212 1274 vel
1246 1230 1289 1273 in
1320 1238 1433 1274 voto.

783 1375 925 1418 LXIV.

195 1490 409 1546 Dignitate
435 1497 477 1534 et
500 1489 749 1534 excellentia
775 1490 927 1534 ceteris
946 1490 1221 1534 sacramentis
1241 1490 1421 1534 multum
1446 1502 1570 1547 praes-

137 1567 194 1604 tat
237 1561 502 1605 sanctissima
541 1562 837 1613 Eucharistia,
879 1562 920 1604 in
964 1575 1046 1618 qua
1087 1561 1362 1605 continentur
1405 1574 1574 1611 «vere,

136 1632 305 1676 realiter
353 1640 397 1676 et
447 1633 782 1677 substantialiter
826 1646 980 1689 corpus
1023 1640 1065 1676 et
1113 1633 1308 1689 sanguis,
1351 1646 1435 1676 una
1477 1645 1574 1676 cum

134 1702 273 1746 anima
308 1711 350 1747 et
381 1704 599 1748 divinitate
630 1705 799 1748 Domini
834 1705 966 1749 nostri
997 1705 1097 1749 Jesn
1135 1705 1289 1749 Christi
1320 1704 1381 1762 (1).
1403 1721 1422 1745 »

788 1852 911 1893 LXV.

196 1960 388 2006 Christus
414 1960 649 2011 Dominus,
681 1973 776 2004 cum
800 1961 843 2003 in
874 1960 1135 2016 spiritualem
1172 1959 1446 2003 refectionem
1482 1960 1572 2002 ani-

133 2046 297 2077 marum
331 2032 639 2076 Eucharistiam
673 2033 886 2083 instituit,
922 2040 1011 2074 tum
1044 2045 1094 2075 eo
1124 2032 1249 2075 etiam
1280 2032 1363 2075 tine
1390 2039 1436 2074 ut
1463 2031 1572 2088 jugi-

132 2112 196 2148 ter
223 2104 266 2146 in
295 2104 483 2147 Ecclesia
512 2105 620 2147 foret
637 2117 780 2148 verum
811 2103 1064 2147 sacrificium
1083 2136 1092 2154 ,
1120 2116 1204 2147 non
1229 2111 1390 2146 tantum
1417 2105 1571 2146 latreu-

132 2180 257 2220 ticum
279 2184 322 2219 et
351 2179 667 2219 eucharisticum
686 2209 696 2227 ‚
728 2176 800 2220 sed
832 2176 958 2219 etiam
997 2176 1235 2219 divinorum
1265 2175 1568 2219 beneficiorum

131 2250 465 2302 impetratorium
506 2261 554 2291 ac
595 2250 937 2302 propitiatorium
981 2254 1249 2303 peccatorum
1290 2258 1366 2302 pro
1396 2245 1498 2288 vivis
1530 2253 1573 2289 et

132 2319 359 2364 defunctis.

789 2398 932 2440 LXVI.

193 2511 258 2554 Ex
287 2510 378 2567 ipsa
400 2508 670 2553 institutione
700 2507 951 2552 sacramenti
981 2505 1262 2557 Poenitentiae‚
1285 2506 1376 2548 Joh.
1399 2506 1488 2556 XX,
1511 2508 1569 2548 22

179 2649 221 2690 (2)
246 2647 315 2680 Cfr.
340 2645 440 2680 Conc-
469 2645 568 2680 Trid.
591 2646 679 2680 sess.
705 2645 794 2687 Xlll‚
820 2654 893 2679 can.
922 2647 954 2678 1.

1315 2705 1356 2734 45
