1931 3239
586 169 751 196 CARMEN
779 171 802 195 ri
832 171 880 196 oF„
907 172 940 196 μ.
968 170 1003 195 v.
1033 169 1074 196 M.
1470 162 1530 195 257

407 587 650 634 Ejusdem
688 587 858 623 sant-ti
897 588 1008 622 Man·
1043 587 1222 623 Jacob!

711 657 928 691 Carmen

97 725 161 761 de
191 725 368 761 sancta
395 723 484 759 nei
515 722 761 768 genitrice
798 724 848 759 et
884 729 1089 766 semper
1124 719 1320 765 vin-gine
1346 721 1532 767 Man-ia,

211 796 262 830 et
295 794 475 830 contra
513 801 605 828 eos
635 792 723 837 qui
771 791 1158 836 blasphemant,
1196 789 1425 826 (licentes

280 869 395 897 eam
420 862 537 907 post
561 861 770 906 pan-tum
796 865 950 895 suum
975 857 1030 893 in
1056 857 1347 902 virginitate

504 937 600 965 sua
625 938 729 965 non
755 926 1124 973 permansisse.

156 1199 191 1243 Ο
233 1199 309 1243 Fili
355 1199 561 1256 Virginis,
605 1198 725 1255 cujus
761 1199 851 1241 laus
890 1198 1153 1241 transcendit
1193 1198 1432 1253 sapientes,
1466 1210 1532 1240 me

100 1289 167 1325 tua
202 1282 334 1339 gratia
372 1281 511 1338 reple,
541 1288 587 1323 ut
621 1281 835 1323 illuminer
865 1288 907 1324 et
941 1280 1088 1336 loquar
1121 1280 1173 1323 de
1202 1288 1270 1322 tua
1302 1279 1533 1322 nativitate.

158 1363 194 1407 Ο
244 1363 483 1413 recondite,
522 1365 635 1405 nobis
677 1362 906 1419 impervius
952 1375 992 1405 es
1022 1370 1063 1405 et
1105 1361 1282 1405 omnino
1317 1374 1339 1404 a
1370 1361 1535 1416 discep-

98 1444 304 1488 tatoribus
340 1444 560 1496 occultus3
599 1444 734 1488 revela
780 1443 882 1487 mihi
928 1443 1136 1499 teipsum,
1178 1449 1224 1485 ut
1265 1442 1318 1485 de
1360 1449 1399 1485 te
1442 1441 1536 1485 sine

97 1528 358 1572 scrutatione
388 1528 560 1584 loquar!

158 1610 238 1653 Fili
272 1610 528 1666 majestatis,
561 1609 632 1665 qui
674 1608 955 1652 humilitatem
983 1607 1193 1651 adducere
1229 1607 1425 1664 dignatus
1462 1619 1535 1656 es,

98 1692 236 1736 tribue
268 1692 367 1734 mibi
404 1692 445 1734 in
477 1691 739 1735 carminibus
774 1691 900 1734 verba
940 1689 1186 1746 magnifica,
1223 1696 1268 1731 ut
1301 1688 1534 1744 pulchritu-

99 1774 241 1817 dinem
270 1781 385 1817 tuam
420 1773 608 1829 eloquar.

161 1855 238 1899 Fili
275 1854 508 1904 Altissimi,
546 1867 671 1910 quem
709 1853 880 1909 litigiosi
923 1852 1038 1895 effari
1081 1859 1322 1908 nequeunt,
1353 1851 1405 1894 da
1433 1851 1534 1893 mihi

98 1951 285 1983 amorem
316 1946 450 1987 tuum,
477 1950 560 1993 quo
592 1945 633 1979 te
672 1936 764 1979 sine
799 1936 1074 1978 contentione
1121 1935 1334 1978 celebrare
1361 1935 1534 1977 valeam.

160 2021 196 2065 Ο
224 2034 417 2071 summe,
453 2020 524 2076 qui
556 2026 722 2062 uterum
760 2031 931 2075 parvum
969 2017 1043 2060 tibi
1077 2017 1117 2060 in
1150 2017 1433 2060 babitaculum
1468 2030 1534 2060 ce-

100 2104 199 2148 dere
235 2103 418 2154 voluisti‚
449 2102 575 2146 etiam
605 2102 684 2144 boc
715 2100 817 2144 velis
846 2108 890 2143 ut
917 2113 995 2156 ego
1024 2108 1215 2143 amanter
1248 2106 1387 2142 ortum
1418 2106 1535 2142 tuum

98 2200 306 2232 enarrem.

162 2272 287 2315 Pater
317 2278 440 2320 tuuS,
462 2268 646 2326 gratuito
676 2280 819 2311 amore
850 2273 1013 2315 motuS,
1044 2273 1083 2308 te
1114 2265 1274 2308 mundo
1299 2263 1536 2315 concessit;

101 2361 145 2396 tu
177 2366 250 2410 per
279 2352 395 2396 illum
424 2364 612 2396 amorem
640 2350 809 2394 emittas
838 2349 880 2391 in
913 2348 1061 2404 inopes
1087 2347 1262 2404 gratiam
1293 2346 1433 2389 tuam!

166 2435 306 2480 Pretio
350 2448 503 2492 magno
545 2433 724 2478 redemit
762 2446 840 2475 nos
880 2445 999 2474 amor
1036 2438 1132 2473 tuus
1175 2443 1196 2472 a
1240 2428 1536 2485 p1·aedonibus;

103 2517 392 2562 misericordia
421 2525 563 2561 autem
595 2515 724 2573 gratis
756 2523 795 2558 te
822 2513 992 2557 donavit
1027 2511 1174 2563 nobis,
1203 2511 1362 2554 mundo
1395 2512 1539 2554 scilicet

102 2601 316 2645 universo.

1316 2665 1357 2694 33
