1931 3239
647 181 783 207 JACOBI
812 182 952 207 SARUG.
980 182 1085 208 vim.
1546 174 1588 206 87

155 269 463 325 expositionem
489 270 773 312 centuriarum
800 284 873 313 sex
892 271 1080 326 Evagrii,
1105 284 1227 326 quam
1251 284 1270 312 a
1298 271 1384 313 Mar
1406 271 1585 326 Georgio

153 341 341 396 gentium
371 344 553 395 episcopo
580 355 742 396 suoque
774 342 980 397 discipulo
1004 343 1049 398 (i)
1075 351 1244 399 rogatus
1276 342 1541 397 conscripsit.
1564 358 1582 380 ι)

154 411 264 454 Sane
295 426 392 454 vero
422 421 484 455 est
515 413 650 454 simile
688 413 914 468 Georgium
941 415 1175 469 panegyrici
1205 414 1413 456 sermonis
1445 422 1586 456 aucto-

154 496 241 525 rem
274 484 353 526 hoc
397 485 488 528 loco
536 485 772 539 designari,
809 499 1062 540 quamquam
1102 487 1141 527 id
1183 494 1344 528 certum
1378 499 1462 527 non
1495 494 1585 535 est;

155 567 292 610 neque
318 555 429 597 enim
451 558 658 609 episcopus
687 556 782 605 itte,
811 557 1002 611 quisquis
1026 558 1147 599 fuerit
1166 590 1175 606 ‚
1207 570 1404 612 expresse
1433 557 1586 599 dicitur

153 638 175 667 a
213 626 487 676 Barhebrae03
519 630 748 680 episcopum
785 635 923 669 tamen
964 628 1018 669 ob
1058 636 1310 669 consuetum
1344 627 1583 682 hujusmodi

155 697 344 738 sormuiae
388 711 560 740 sensum
606 711 688 740 non
730 699 964 747 immerito,
1010 707 1053 740 ut
1086 699 1185 741 mun
1227 700 1418 748 videtur,
1457 701 1584 742 inter-

154 776 344 823 pretatur
372 771 647 811 Assemanus.

214 840 408 883 Ceterum
442 841 694 897 Georgium,
726 841 759 883 si
798 832 1025 897 episcopali
1056 841 1260 898 dignitate
1300 843 1425 885 fuerit
1455 842 1582 899 insig0

153 913 291 961 nitus,
323 926 405 955 non
440 913 654 955 exstitisse
686 913 831 956 Jacobi
865 926 1154 956 successorem
1184 914 1272 962 vel,
1302 913 1448 956 saltem
1483 915 1581 956 dum

147 987 442 1038 panegyricum
471 985 674 1028 scriberet
693 1018 702 1033 ,
733 986 961 1028 Batnarum
994 985 1228 1027 antistitem
1262 986 1363 1027 satis
1392 994 1581 1035 constat;

151 1056 309 1099 Jacobo
339 1057 469 1106 enim,
498 1065 605 1100 teste
630 1057 828 1113 Dionysio
859 1056 1198 1105 Telmaharensi,
1222 1057 1478 1099 substitutus
1505 1057 1584 1099 fuit

152 1127 316 1184 Moyses
343 1128 541 1183 quidam3
580 1128 630 1170 ad
657 1129 770 1178 haec,
807 1128 863 1170 ita
894 1128 1080 1183 loquitur
1113 1127 1318 1183 Georgius
1353 1136 1396 1170 ut
1425 1128 1582 1170 indicet

151 1210 244 1240 sese
266 1199 316 1241 ad
335 1199 479 1242 Jacobi
498 1199 719 1241 ecclesiam
752 1199 926 1242 minime
951 1199 1162 1254 pertinere
1194 1215 1203 1241 z
1233 1199 1580 1256 distinguendum

151 1270 264 1312 enim
294 1271 431 1313 innuit
453 1284 622 1327 gregem
652 1284 674 1313 a
703 1284 853 1327 grege,
882 1271 982 1313 item
1007 1271 1226 1313 ecclesiam
1257 1280 1298 1313 et
1324 1272 1581 1314 territorium

153 1341 390 1397 Sarugense
421 1342 487 1384 cui
521 1342 703 1385 Jacobus
735 1343 833 1384 oiim
870 1344 1089 1398 praesuerat
1124 1350 1165 1385 et
1202 1343 1270 1384 ubi
1300 1356 1453 1398 corpus
1493 1343 1583 1399 ejus

152 1414 472 1464 asservabatur,
507 1414 558 1456 ab
590 1427 637 1456 ea
674 1414 850 1456 ecclesia
890 1414 1009 1469 cujus
1049 1415 1139 1469 ipse
1176 1415 1411 1456 membrum
1455 1416 1582 1457 fuisse

152 1485 329 1527 videtur.
356 1484 459 1536 Quae
489 1485 523 1526 si
551 1485 606 1526 ita
632 1485 886 1533 secreveris,
913 1492 1025 1527 recte
1053 1493 1093 1526 et
1118 1484 1301 1527 dilucide
1322 1486 1463 1527 omnia
1488 1499 1581 1541 pro-

152 1557 335 1605 cedunt,
360 1556 459 1598 alias
483 1555 678 1598 intricate
702 1564 743 1598 et
763 1557 984 1598 obscurius
1008 1570 1222 1606 connexa;
1256 1557 1436 1611 primum
1468 1557 1580 1599 enim

151 1629 285 1670 Deum
314 1628 451 1683 ipsum
477 1629 667 1677 invocat,
691 1636 735 1669 ut
760 1641 832 1683 per
855 1628 1203 1670 intercessionem
1230 1628 1272 1670 S.
1297 1629 1440 1671 ,iacobi
1465 1642 1581 1684 pros-

150 1712 246 1755 pera
276 1712 452 1754 quaeque
481 1699 681 1754 largiatur
716 1699 903 1741 ecciesiae
933 1698 1137 1740 universae
1168 1699 1347 1753 praelatis
1377 1707 1416 1741 et
1452 1713 1581 1742 mem-

150 1771 259 1820 bris,
289 1771 401 1813 nulia
434 1771 498 1813 hic
531 1771 756 1827 singularis
787 1770 976 1813 ecclesiae
1002 1772 1105 1813 sacta
1140 1771 1382 1821 mentione3
1414 1771 1579 1814 beatum

149 1843 247 1886 inde
271 1843 430 1886 directe
447 1843 728 1898 compellatet
746 1843 788 1884 in
809 1843 954 1898 primis
976 1843 1098 1899 longa
1119 1844 1311 1885 oratione
1330 1844 1580 1898 deprecatur

150 1922 196 1957 ut
235 1915 400 1971 gregis,
438 1915 518 1969 ipsi
561 1914 661 1956 dnm
698 1914 740 1956 in
774 1914 896 1956 terris
935 1922 1076 1970 ageret
1110 1914 1352 1964 commissi,
1386 1928 1518 1970 agnos
1541 1924 1581 1958 et

150 2000 250 2030 oves
272 1986 640 2030 benedictionibus
665 1987 923 2035 cumularem
954 1987 1122 2029 tandem
1148 1987 1245 2028 hinc
1269 1987 1476 2029 transiens
1493 2021 1502 2037 ,
1524 1989 1580 2030 ita

149 2059 339 2115 loquitur
372 2067 416 2101 ut
451 2072 544 2102 sese
575 2072 659 2101 non
691 2072 783 2102 esse
814 2059 937 2114 hujus
971 2060 1108 2115 gregis
1142 2059 1383 2102 subindicet
1415 2076 1423 2101 :
1458 2077 1476 2099 «
1501 2061 1581 2102 Ex-

150 2131 276 2173 tende
319 2130 535 2173 dexteram
570 2139 682 2173 tuam
704 2163 713 2176 ,
746 2131 827 2180 ait,
863 2138 903 2172 et
939 2131 1048 2172 inter
1087 2144 1185 2173 oves
1214 2131 1353 2187 gregis
1402 2131 1460 2172 tui
1505 2145 1581 2173 nos

149 2201 371 2245 admittere
413 2202 599 2258 digneris
632 2202 964 2256 (benedictionem
1002 2210 1171 2245 tuarum
1211 2204 1578 2258 participatione),

148 2279 195 2315 ut
225 2273 350 2315 etiam
380 2285 457 2315 nos
480 2273 590 2316 sicut
617 2273 675 2315 illi
703 2273 774 2316 tibi
805 2273 962 2316 dociles
992 2273 1222 2316 efficiamur
1245 2282 1324 2316 etc.
1346 2289 1364 2311 »

198 2404 239 2441 (⁴)
266 2403 430 2443 Georgius
460 2404 538 2440 iste,
569 2404 682 2435 lacot-i
717 2404 924 2444 discipulus,
966 2403 1126 2434 confundi
1161 2410 1226 2433 non
1260 2402 1362 2433 debet
1401 2410 1476 2433 cum
1512 2402 1580 2432 atio

150 2461 301 2501 ejusdem
319 2460 485 2495 nominis,
509 2461 566 2500 qui
589 2460 652 2492 fuit
676 2460 793 2496 etiam,
818 2466 903 2493 teste
930 2461 1130 2492 Barhebraeo
1151 2460 1184 2490 B.
1210 2460 1245 2490 Ο.
1273 2459 1301 2496 Ι,
1330 2459 1410 2496 166,
1436 2459 1575 2499 populo-

148 2532 226 2554 rum
262 2523 406 2554 arabmn
444 2505 537 2562 {Ji}
565 2503 712 2563 big-hg?
753 2525 954 2563 episcopus;
988 2527 1059 2554 erat
1085 2522 1174 2553 enim
1200 2521 1226 2553 is
1251 2521 1375 2552 jacobo
1411 2520 1580 2552 Edesseno

148 2580 310 2620 aequalis.
350 2585 451 2620 atque
477 2582 509 2612 in
543 2582 678 2621 scriptis
711 2581 855 2622 Dionysii
894 2579 1085 2611 Barsaiibzei
1124 2584 1156 2610 et
1193 2579 1344 2616 Gregorii
1390 2578 1579 2609 Barhebrcei

149 2645 238 2677 saepe
267 2637 434 2668 laudatur.
462 2638 545 2670 Huic
567 2638 655 2669 forte
676 2639 806 2670 auctori
822 2636 1044 2669 adscribenda
1068 2637 1111 2667 sit
1134 2636 1294 2677 epistola,
1311 2644 1410 2675 quam
1428 2644 1446 2666 e
1465 2634 1581 2666 codice

148 2695 339 2728 londinensi
364 2695 470 2728 edidit
499 2697 527 2727 Ρ,
554 2697 592 2727 Α.
619 2696 660 2727 de
689 2695 861 2736 Lagarde,
886 2695 918 2726 in
943 2693 1109 2726 analectis
1135 2692 1302 2735 syriacis,
1330 2703 1386 2734 pp.
1416 2692 1579 2724 108-154.
