1931 3239
385 197 427 230 88
1007 207 1134 232 CAPUT
1160 207 1184 230 1.

446 300 595 342 Utrum
632 313 730 343 vero
765 299 970 355 Georgius
1002 299 1079 342 alia
1111 298 1327 355 scripserit
1359 303 1510 355 praeter
1544 297 1654 340 istud
1685 311 1808 350 pane-

383 374 570 424 qyricum
612 372 842 428 ignoratur.
879 371 1140 415 Catholicum
1187 371 1316 414 fuisse
1351 378 1511 414 certum
1555 377 1648 422 est3
1688 383 1811 413 secus

384 456 566 498 namque
583 443 786 486 Jacohnm
809 444 1092 486 orthodoxum
1106 476 1115 494 ,
1133 456 1183 486 eo
1201 451 1392 499 tempore
1410 456 1494 498 quo
1513 441 1811 484 controversiae

383 514 587 570 religiosae
616 515 798 558 maxime
833 515 1078 566 fervebant,
1110 515 1237 557 tantis
1269 514 1463 557 laudibus
1488 514 1810 569 haudquaquam

382 586 618 629 extulisset.

743 690 758 728 ἓ
783 691 815 722 5.
857 695 1072 722 csonciANAE
1097 694 1299 722 PANEcYffls
1324 696 1461 722 SUMMA.

443 799 566 841 Plura
605 806 744 841 antem
777 798 817 840 in
849 812 898 841 eo
941 799 1051 854 quod
1087 799 1213 841 modo
1246 799 1514 841 exhibuimus
1553 798 1810 840 documento

381 870 651 925 reperiuntur
671 870 911 912 traditionis
936 870 1150 912 catholicae
1178 870 1434 912 testimonia.
1463 870 1679 912 Asseritur
1705 882 1810 921 reye-

380 944 540 983 neratio
563 955 635 994 per
665 943 912 994 baptismum
933 941 994 997 (v.
1024 942 1161 998 555),
1182 944 1403 996 praesentia
1425 944 1548 983 realis
1582 942 1736 982 Christi
1768 942 1811 982 in

379 1014 647 1055 Eucharislia
680 1013 743 1068 (v.
779 1013 917 1069 545),
946 1017 1190 1068 quotidiana
1227 1017 1339 1067 apud
1379 1015 1508 1067 Syros
1550 1016 1686 1055 missoe
1720 1015 1811 1054 cele-

378 1087 510 1126 bratio
548 1084 606 1139 (v.
646 1087 737 1128 460
779 1084 946 1140 seqq),
995 1088 1127 1128 cultus
1168 1100 1221 1128 ss.
1258 1088 1530 1139 reliquiarum
1577 1085 1636 1140 (V.
1669 1084 1809 1139 470),

378 1158 609 1198 intercessio
649 1164 887 1198 sanctorum
925 1155 990 1211 (V.
1019 1160 1108 1200 445
1135 1165 1177 1200 et
1208 1172 1244 1200 v,
1277 1160 1365 1201 524
1393 1160 1534 1212 seq),
1566 1157 1809 1199 resurrectio

381 1235 638 1270 mortuorum
677 1228 734 1283 (v.
768 1227 907 1283 450).
941 1228 1033 1271 alia.

439 1301 595 1347 Porro,
632 1313 679 1342 ea
715 1314 807 1355 quae
836 1300 1043 1356 Georgius
1078 1301 1130 1343 de
1162 1309 1422 1357 praeceptore
1457 1314 1533 1343 sno
1565 1301 1605 1342 in
1633 1313 1810 1353 parteqy-

377 1373 463 1413 rico
496 1371 662 1426 prolixo
698 1384 895 1414 sermone
929 1372 1080 1421 refert,
1114 1372 1165 1414 ad
1207 1372 1425 1427 sequentia
1458 1372 1593 1426 capita
1625 1371 1808 1413 revocari

379 1450 575 1497 possunt.

440 1516 484 1555 1⁰
516 1513 698 1556 ,lacobus
728 1512 967 1568 prodigioso
998 1513 1123 1555 modo
1162 1522 1285 1555 natus
1315 1520 1380 1556 est
1409 1527 1431 1555 e
1463 1513 1707 1568 parentibus
1727 1519 1810 1554 ste-

378 1585 552 1635 rilibus,
594 1592 636 1626 et
673 1584 842 1639 quidem
882 1597 903 1626 a
946 1592 1063 1640 patre
1090 1584 1309 1627 sacerdote
1337 1584 1408 1641 (i);
1449 1584 1474 1626 ii
1505 1592 1645 1626 autem
1674 1584 1806 1626 filium

376 1670 498 1698 sunm
533 1656 720 1711 piissime
749 1655 998 1698 educarunt.

435 1730 481 1769 2⁰
516 1728 554 1769 Is
574 1727 644 1782 qni
669 1725 755 1781 jam
778 1726 819 1767 in
845 1734 964 1768 utero
991 1725 1137 1768 matris
1164 1726 1277 1769 velut
1300 1726 1404 1768 alter
1435 1726 1639 1769 Jeremias
1663 1726 1806 1768 Domi-

375 1812 474 1840 num
500 1799 759 1848 invocasset,
791 1798 975 1840 triennio
1000 1805 1121 1839 natus
1143 1811 1163 1839 a
1191 1804 1323 1840 matre
1351 1798 1392 1839 in
1423 1798 1530 1839 sesto
1561 1797 1806 1852 Epiphaniae

374 1871 543 1914 Domini
577 1871 627 1913 ad
652 1870 871 1913 ecclesiam
904 1870 1136 1919 deductus,
1173 1870 1281 1912 intra
1314 1871 1537 1912 missarum
1573 1870 1807 1919 solemnia,

371 1942 511 1984 subito
551 1942 733 1997 Spiritus
784 1941 917 1983 sancti
961 1948 1077 1983 motu
1121 1941 1312 1990 excitus,
1352 1942 1391 1982 in
1431 1941 1523 1996 ipso
1567 1941 1806 1983 sanctuario

371 2026 511 2056 coram
542 2015 740 2068 episcopo
778 2026 943 2055 sacrum
978 2012 1150 2054 calicem
1187 2013 1381 2055 haustum
1410 2004 1620 2068 perrexit3
1653 2013 1807 2055 exinde

370 2085 459 2140 ejus
492 2084 694 2127 doctrina}
730 2083 969 2139 praestantia
1004 2083 1230 2138 repetenda
1261 2091 1338 2125 est.

420 2234 462 2272 (1)
492 2232 647 2264 Ecclesiae
673 2236 742 2262 tam
768 2231 904 2271 syriacae
930 2239 1030 2270 quam
1057 2238 1173 2270 graecae
1199 2229 1377 2270 disciplina
1420 2231 1647 2270 permittitur,
1683 2234 1719 2262 ut
1745 2232 1806 2262 viri

375 2290 589 2320 matrimonio
613 2289 721 2328 juncti
749 2288 789 2319 ad
817 2288 1044 2319 sacerdotium
1073 2287 1271 2318 evehantur.
1299 2287 1380 2318 Vide
1406 2288 1589 2318 Arcudium
1608 2312 1615 2325 ‚
1643 2287 1683 2318 dc
1707 2297 1804 2329 pres-

373 2344 566 2386 byterorum
583 2353 772 2387 yroecortmz
789 2344 1010 2375 matrimonio
1026 2369 1034 2379 ,
1057 2344 1097 2374 ad
1124 2344 1250 2375 calcem
1277 2344 1389 2384 operis
1408 2354 1415 2374 z
1434 2342 1473 2374 de
1498 2344 1681 2375 concordia
1706 2346 1805 2376 eccle-

373 2401 433 2433 siae
470 2401 573 2433 occid.
611 2405 641 2432 ct
673 2402 794 2433 orient.
829 2402 938 2433 Lutet.
973 2402 1074 2432 Paris.
1102 2401 1214 2438 1672,
1246 2411 1277 2441 p.
1306 2401 1372 2432 652
1407 2410 1500 2441 seqq.
1528 2402 1666 2433 Monent
1693 2406 1804 2433 autem

373 2460 540 2492 Johannes
568 2461 721 2491 Dareusis
749 2460 807 2491 lib.
835 2461 874 2491 lV
900 2459 941 2491 de
967 2459 1095 2491 sacerd.
1124 2468 1195 2501 cap.
1225 2461 1242 2490 7
1260 2485 1268 2499 ‚
1297 2467 1330 2491 et
1365 2460 1582 2491 Barhebraeus
1618 2460 1650 2490 in
1687 2468 1804 2490 nomo-

372 2527 501 2548 cmzone
521 2528 538 2548 «
555 2523 592 2549 ut
607 2518 766 2550 diaconus
791 2522 849 2549 aut
869 2518 1044 2558 presbyter
1070 2518 1201 2549 unicam
1222 2523 1255 2549 et
1275 2518 1438 2558 virginem
1457 2522 1535 2548 ante
1553 2516 1803 2548 ordinationem

372 2575 508 2606 duxerit
539 2580 572 2607 et
605 2581 678 2616 post
710 2575 782 2614 ejus
814 2580 956 2607 mortem
983 2576 1124 2607 alteram
1152 2584 1217 2607 non
1243 2576 1389 2608 ducat.»
1419 2576 1450 2606 Β.
1479 2575 1514 2606 Ο.
1544 2575 1569 2605 ll
1597 2574 1804 2606 Dissertatio

372 2631 411 2662 de
436 2631 528 2672 syris
552 2631 825 2673 monoplaysitis‚
854 2641 926 2673 cap.
955 2633 1014 2664 ult.
