1931 3239
624 171 758 197 JA00131
784 170 926 198 SARUG.
955 173 1058 197 vrrA.
1515 167 1553 200 51

184 266 293 321 [Hic
327 264 594 308 admirabiles
638 265 831 308 homilias
871 273 913 308 et
957 265 1244 321 expositiones
1284 267 1465 322 ⁴scripsit
1504 268 1555 310 de

125 348 303 390 adventu
352 346 422 388 lilii
456 346 530 388 Dei
566 359 615 389 ex
662 354 779 401 patre
816 354 857 388 et
892 346 943 388 de
986 347 1217 390 voluntaria
1258 347 1445 403 ejusdem
1482 362 1556 404 pro

124 428 247 472 nobis
297 428 599 471 exinanitione.
642 428 746 470 Item
786 427 837 470 de
875 428 1082 484 mysteriis
1126 442 1218 482 quie
1257 430 1469 485 prophetie
1506 432 1557 473 de

126 510 274 554 eodem
307 510 663 565 pronuntiarunt,
687 517 727 553 et
755 510 807 552 de
830 510 998 566 agmine
1020 510 1308 565 apostolorum
1326 544 1335 561 ,
1366 513 1436 567 qui
1460 526 1556 555 eum

126 592 294 648 sequuti
326 599 440 635 sunt.

189 867 247 909 De
280 867 461 908 humana
485 866 574 922 ejus
600 865 815 908 nativitate
844 878 894 908 ex
926 867 1050 908 Maria
1072 900 1081 916 ,
1114 868 1164 909 de
1186 868 1385 923 mysterio
1412 869 1559 910 mortis

127 950 216 1006 ejus
240 957 282 992 et
312 948 560 1003 sepulturae,
590 956 631 990 et
655 948 1001 999 resurrectionis3
1026 950 1077 991 (le
1104 948 1423 992 conversatione
1454 949 1563 1004 ejus-

127 1033 222 1076 dem
242 1044 336 1074 cum
356 1030 573 1087 discipulis
595 1030 682 1073 suis
705 1040 926 1086 postquam
950 1032 1204 1081 resurrexit,
1225 1031 1360 1086 deque
1380 1031 1558 1087 gloriosa

127 1115 216 1171 ejus
237 1115 286 1158 ad
318 1122 478 1171 patrem
499 1115 747 1158 ascensione
775 1123 815 1158 et
840 1115 891 1158 de
918 1116 1083 1158 cunctis
1119 1115 1337 1158 hominum
1361 1116 1560 1172 gradihus

127 1198 196 1254 qui
225 1198 265 1240 in
298 1197 505 1239 mundum
542 1197 818 1253 prodierunt,
856 1197 1068 1241 disserens
1098 1211 1180 1253 quo
1218 1198 1396 1253 quisque
1433 1211 1560 1254 opere

128 1281 328 1339 placuerit
368 1282 469 1324 Deo.

190 1776 248 1817 De
283 1774 430 1819 Atlanti
469 1787 490 1816 e
537 1772 723 1816 terrestri
772 1772 962 1828 paradiso
998 1771 1255 1827 ejectione,]
1304 1775 1416 1814 ormzi
1464 1786 1562 1815 cura

128 1874 200 1903 sua
245 1860 392 1902 doctor
431 1871 668 1901 sermonem
706 1859 944 1913 composuit
982 1865 1021 1899 et
1057 1857 1097 1898 iu
1139 1870 1188 1899 eo
1233 1857 1316 1912 egit
1364 1856 1415 1898 de
1453 1856 1565 1898 illius

128 1943 315 1999 praeclari
360 1945 438 1985 viri
469 1942 583 1998 lapsu
618 1941 712 1996 qui,
752 1953 846 1983 cum
884 1954 905 1982 a
940 1941 1025 1982 Deo
1064 1941 1105 1981 in
1148 1940 1277 1996 gradu
1315 1939 1564 1995 angelorum

129 2010 358 2069 collocatus
402 2026 548 2068 suisset
588 2032 632 2067 ut
673 2025 781 2067 sicut
822 2037 930 2066 nnus
978 2037 1027 2067 ex
1071 2023 1120 2065 iis
1164 2023 1203 2065 in
1251 2022 1442 2078 paradiso
1487 2024 1566 2075 ipsi

129 2110 372 2154 servitutem
420 2115 658 2163 praestaret,
703 2114 921 2162 tantopere
968 2106 1196 2161 gemitibus
1250 2119 1297 2148 ac
1349 2104 1566 2147 doloribus

130 2193 340 2235 obnoxius
375 2191 638 2248 sapientibus
683 2197 868 2244 apparet.
908 2190 1014 2232 Ecce
1063 2202 1162 2231 vero
1208 2187 1437 2230 voluntatis
1481 2199 1568 2229 suae

129 2274 231 2317 vitio
260 2273 455 2330 jumento
485 2274 617 2315 sactus
656 2279 718 2314 est
750 2271 927 2320 similis,
961 2283 1010 2313 eo
1046 2270 1155 2326 quod
1198 2269 1443 2310 mandatum
1487 2267 1566 2310 sibi

133 2356 375 2412 impositum
401 2363 690 2410 transgressus
711 2353 787 2403 sit,
811 2352 991 2406 ideoque
1016 2351 1074 2393 sic
1095 2351 1145 2393 de
1167 2363 1216 2392 eo
1241 2349 1446 2404 scriptum
1470 2356 1534 2391 est
1558 2363 1568 2389 :

130 2446 369 2495 nongentos
407 2447 447 2480 et
486 2438 656 2494 triginta
696 2436 818 2479 annis
865 2434 976 2477 flevit
1018 2433 1150 2476 Adam
1189 2432 1243 2474 ob
1283 2432 1443 2488 lapsum
1486 2443 1569 2486 quo

132 2520 344 2577 peccando
380 2520 614 2569 ceciderat,
653 2517 894 2560 mandatum
929 2515 1082 2570 quippe
1121 2512 1410 2562 conculcavit,
1450 2511 1569 2565 cujus

135 2601 429 2645 observatione
469 2601 594 2643 vitam
625 2599 867 2648 habuisset,
899 2597 1063 2653 ipsique
1100 2596 1224 2639 etiam
1249 2593 1385 2651 angeli
1417 2601 1457 2637 et
1491 2593 1572 2649 spi-
