1931 3239
304 206 368 240 330
932 209 1093 236 THESES.

301 314 507 370 justitiam
541 326 625 356 non
659 313 738 356 sibi
779 312 885 361 soli,
933 311 1005 355 sed
1043 311 1119 354 toti
1156 311 1372 368 propagini
1410 324 1497 355 suae
1530 311 1735 368 perdidit,

305 395 431 442 atque
460 387 516 428 ita
552 392 770 440 peccatum
803 385 908 435 hoc,
937 383 1048 439 quod
1083 383 1247 440 origine
1281 397 1413 426 unum
1446 391 1538 434 est,
1570 389 1612 426 et
1640 395 1736 439 pro-

305 458 528 515 pagatione
555 470 641 501 non
672 469 770 500 vero
792 455 1027 499 imitatione
1055 455 1334 506 transfusum,
1363 455 1472 498 inest
1510 454 1738 510 unicuique

306 530 537 586 proprium,

920 662 1126 703 xxxvlL

371 768 403 810 Α
438 766 614 809 veritate
648 765 774 821 longe
812 765 1011 807 aberrant
1041 763 1285 819 quicunque
1321 763 1548 806 essentiam
1581 763 1741 819 peccati

279 851 283 853 “
310 837 485 894 originis
520 836 699 892 positam
733 847 827 878 esse
854 834 1010 878 docent
1041 833 1105 877 vel
1138 834 1179 876 in
1215 833 1366 876 actuali
1397 834 1492 877 vitae
1525 833 1744 890 cujusdam

311 914 514 952 anteactae
555 913 750 964 peccato,
785 906 848 949 vel
897 906 938 948 in
976 905 1108 948 forma
1145 904 1481 948 substantialiter
1515 904 1649 955 mala,
1679 905 1742 948 vel

313 981 354 1023 in
387 979 730 1036 concupiscentia
764 978 899 1034 qualis
936 977 1150 1021 invenitur
1182 977 1225 1019 in
1271 977 1519 1033 baptizatis,
1548 977 1612 1020 vel
1654 983 1742 1020 tan-

313 1053 408 1096 dem
442 1052 483 1096 in
519 1051 670 1095 actuali
702 1056 874 1107 peccato
907 1049 1058 1093 Adami
1095 1048 1276 1105 posteris
1306 1048 1396 1106 ejus
1428 1049 1651 1105 imputato.

852 1178 854 1181 ’
920 1193 1143 1235 xxxan

376 1290 613 1336 Formalem
645 1290 804 1346 peceati
836 1289 1052 1346 originalis
1089 1290 1296 1334 rationem
1331 1290 1564 1333 consistere
1597 1289 1743 1346 opina-

316 1377 411 1407 mur
438 1363 480 1405 in
516 1362 750 1418 privatione
777 1361 921 1418 gratiae
957 1362 1283 1413 sanctificantis,
1311 1369 1521 1417 quatenus
1553 1361 1745 1418 sequitur

316 1450 337 1478 a
374 1441 547 1491 peccato
579 1433 758 1484 Adami,
786 1433 873 1476 sive
906 1433 949 1476 in
981 1433 1165 1476 carentia
1200 1432 1424 1476 habitualis
1455 1432 1744 1476 conversionis

315 1507 365 1551 ad
401 1507 535 1550 Deum
570 1506 697 1549 finem
744 1504 929 1548 hominis
973 1505 1360 1561 supernaturalem,
1401 1516 1494 1561 quae
1538 1503 1745 1547 universae

316 1578 469 1623 Adami
499 1576 735 1634 posteritati
761 1567 903 1620 inesse
936 1575 1124 1620 deberet,

931 1711 1118 1753 XXXIX,

374 1815 462 1858 Hac
507 1814 640 1871 posita
693 1813 854 1870 peccati
901 1813 1120 1870 originalis
1171 1813 1377 1863 notione,
1424 1824 1742 1868 propugnamus

313 1886 495 1929 infantes
537 1891 634 1928 ante
681 1883 1047 1940 regenerationem
1089 1884 1172 1926 vita
1215 1885 1407 1934 functos,
1449 1882 1547 1925 licet
1585 1882 1747 1925 visione

312 1958 503 2002 beatifica
537 1970 752 2013 nunquam
785 1956 1014 2009 fruituros,
1049 1956 1163 1999 nulla
1193 1968 1315 2012 poena
1352 1967 1503 1999 sensus
1531 1954 1654 1998 affici,

985 2096 1070 2137 XL.

371 2196 572 2240 Doctrina
597 2194 802 2239 catholica
828 2195 880 2238 de
908 2201 1080 2251 peccato
1103 2193 1297 2251 originali
1320 2194 1565 2251 neutiquam
1589 2192 1741 2236 divinis

314 2267 527 2312 attributis
561 2273 632 2310 aut
664 2273 787 2310 rectae
820 2265 972 2309 rationi
1005 2271 1226 2322 repugnat.

970 2400 1079 2441 XLI.

368 2505 431 2548 Ad
471 2510 688 2560 peccatum
731 2501 934 2559 originale
973 2501 1015 2544 in
1045 2507 1236 2557 posteros
1270 2500 1421 2543 Adami
1467 2500 1739 2557 generatione

315 2575 570 2618 transfusum
602 2574 783 2631 pertinet
811 2574 981 2617 effatum
1018 2573 1087 2614 Ps.
1114 2573 1173 2622 L,
1206 2575 1229 2614 7
1263 2587 1273 2615 :
1304 2572 1403 2614 Ecce
1433 2574 1477 2614 in
1509 2573 1740 2626 iniquitati·

311 2650 381 2691 bus
426 2654 636 2701 conceptus
672 2659 762 2690 sum
783 2678 793 2698 ‚
823 2653 858 2690 ec
889 2647 933 2689 in
962 2646 1134 2699 peccatis
1162 2647 1339 2699 concepit
1368 2657 1429 2687 me
1463 2651 1596 2688 mater
1634 2656 1738 2687 mea.
