1931 3239
533 163 701 189 sntRMEN
727 165 737 189 i
765 164 813 190 nu
840 165 874 190 Β.
903 164 938 189 v.
969 164 1009 190 M.
1429 157 1487 190 ⁵241

115 253 290 297 Volebat
327 254 459 297 Filius
494 255 569 298 Dei
607 269 656 298 ex
692 269 739 299 ea
771 256 991 299 nobiscum
1032 267 1246 298 assumere
1277 255 1491 312 cognatio-

55 350 175 389 nem3
214 347 277 380 ast
308 338 423 393 prius
459 351 613 394 corpus
659 339 748 393 ejus
794 352 945 394 expers
979 340 1134 394 peccati
1179 352 1252 394 per
1286 338 1489 395 Spiritum

56 426 246 462 sanctum
279 419 514 462 constituit.

115 503 295 546 Verbum
333 502 615 545 descendebat
662 510 708 544 ut
747 515 844 545 caro
885 503 1028 553 tieret,
1057 510 1098 546 et
1138 511 1359 559 propterea
1395 518 1486 547 eam

53 598 102 629 ex
132 599 212 641 qua
247 599 343 629 caro
381 586 537 629 sactum
571 594 634 629 est
668 598 740 641 per
772 586 976 641 Spiritum
1018 586 1274 641 purificavit;
1315 588 1489 631 descen·

53 669 176 712 debat
221 677 264 711 ut
308 669 430 712 nobis
471 669 622 711 similis
670 670 777 712 soret
820 670 861 711 in
898 669 1119 718 omnibuS‚
1158 677 1335 726 excepto
1376 671 1485 726 quod

53 751 142 793 sine
174 757 345 806 peccato
374 751 560 793 futurum
597 758 709 792 esset
737 757 929 793 sanctum
962 751 1094 806 ipsius
1123 763 1292 807 corpus,

114 833 227 876 Deus
252 832 381 876 voluit
411 833 500 876 fieri
523 833 682 875 homini
715 832 879 883 similis,
909 840 949 876 et
983 845 1106 875 unam
1132 833 1238 876 hanc
1270 833 1489 889 virginem,

54 916 312 972 purificatam
356 930 428 973 per
458 917 663 973 Spiritum
685 949 694 967 ‚
722 916 801 959 sibi
841 917 882 958 in
923 923 1100 959 matrem
1131 916 1291 964 effecit,
1324 925 1369 958 ut
1401 917 1491 972 ipse

51 998 209 1041 mundo
248 999 353 1042 foret
396 999 529 1042 Adam
567 999 672 1042 alter
709 1012 758 1041 ex
802 999 916 1048 Deo,
955 1011 1215 1053 manumque
1258 999 1489 1054 porrigeret

52 1081 178 1138 priori
211 1094 337 1137 quem
373 1081 581 1138 dejecerat
613 1094 812 1136 serpens,
848 1088 979 1135 utque
1022 1080 1236 1136 ingressus
1268 1081 1319 1123 ad
1352 1082 1490 1136 profe-

51 1163 228 1206 rendum
263 1162 469 1218 judicium
514 1169 660 1205 contra
702 1161 934 1217 principem
976 1161 1151 1209 mundi,
1182 1161 1217 1202 is
1250 1161 1291 1202 in
1319 1175 1369 1204 eo
1403 1175 1486 1204 non

52 1248 252 1303 reperiret
283 1255 500 1303 peceatum
532 1246 644 1301 quod
679 1246 802 1288 morti
833 1258 1047 1287 accessum
1081 1244 1276 1299 aperiret.

111 1464 243 1507 Porro
291 1462 422 1506 Filius
470 1462 677 1511 hominis,
727 1474 982 1517 quamquam
1038 1460 1259 1503 sententiae
1312 1459 1486 1502 minime

49 1546 298 1603 subjacens,
328 1546 442 1589 Deus
476 1558 571 1588 cum
613 1552 751 1595 esset,
779 1557 831 1588 ex
868 1543 950 1586 filia
989 1542 1170 1585 hominis
1203 1543 1243 1584 in
1279 1543 1484 1586 mundum

50 1628 199 1679 exivit3
244 1628 519 1683 quamobrem
562 1626 873 1670 sanctissimam
921 1625 1033 1667 illam
1082 1624 1192 1667 inter
1228 1623 1411 1667 illustres
1447 1632 1490 1667 et

52 1709 337 1753 beatissimam
387 1709 591 1766 virginem
646 1709 827 1764 puritate
896 1707 1102 1750 nitentem
1159 1719 1232 1761 per
1282 1705 1486 1761 Spiritum

49 1794 349 1843 sanctificavit,
380 1805 557 1848 eamque
591 1804 735 1848 puram
777 1790 943 1840 effecit,
979 1789 1181 1832 mundam
1218 1795 1259 1831 et
1290 1788 1487 1831 benedic-

49 1884 161 1926 tam,
200 1876 309 1919 sicut
353 1883 441 1917 erat
484 1874 572 1929 ipsa
618 1874 729 1916 Heva
769 1879 995 1927 antequam
1038 1884 1128 1913 eam
1171 1882 1346 1925 serpens
1375 1876 1486 1912 esset

50 1958 281 2009 allocutus;
313 1968 465 2012 nempe
495 1955 642 1998 tribuit
670 1954 728 1996 illi
762 1953 1118 2009 pulchritudinem
1151 1951 1331 2007 priorem
1350 1983 1359 1998 ‚
1388 1963 1487 2005 qua-

51 2040 102 2082 lis
137 2039 258 2082 matri
290 2037 379 2094 ejus
414 2037 706 2093 competebat,
736 2049 831 2078 cum
866 2034 1045 2078 necdum
1076 2047 1127 2076 ex
1157 2033 1306 2075 arbore
1339 2032 1484 2074 morti-

52 2124 136 2166 fera
168 2121 478 2164 manducasset.

114 2261 258 2316 ltaque
305 2259 487 2315 Spiritus
528 2256 832 2313 superveniens
875 2254 985 2297 illam
1018 2253 1155 2297 effecit
1185 2254 1291 2296 sicut
1327 2253 1484 2296 Hevam

54 2344 251 2399 priorem,
281 2355 409 2398 quum
439 2342 527 2384 haec
553 2339 730 2383 consilio
755 2337 965 2394 serpentis
989 2336 1165 2392 ejusque
1191 2336 1318 2379 verbo
1340 2335 1487 2378 odioso

55 2440 275 2471 assensum
305 2426 493 2470 nondum
526 2425 793 2481 praebuerat;
824 2423 864 2464 in
894 2434 944 2464 eo
966 2421 1076 2463 illam
1104 2420 1233 2477 gradu
1268 2419 1488 2462 constituit

56 2510 97 2552 in
129 2522 212 2565 quo
243 2517 467 2564 antequam
498 2513 769 2564 peccaverant
791 2505 923 2548 Adam
948 2510 989 2546 et
1017 2503 1127 2546 Heva
1160 2502 1487 2557 reponebantur.

56 2600 96 2636 et
128 2601 227 2636 tunc
256 2594 298 2635 in
331 2606 420 2636 eam
455 2592 626 2647 iliapsus
655 2599 733 2634 est.

1244 2669 1280 2696 si
