1931 3239
557 178 751 205 SYRORUM
776 178 878 205 His'r.
905 179 1008 206 LITT.
1464 172 1500 205 13

68 273 300 316 floruerunt
330 270 556 325 scriptores
597 270 812 313 christiani
851 272 1014 326 plures,
1048 278 1087 313 ut
1124 271 1226 313 adeo
1258 271 1341 313 boc.
1364 283 1498 313 aevum

67 359 161 389 cum
186 344 351 386 (luobus
385 343 662 397 sequentibus
686 343 850 385 saeculis
884 343 1119 398 nuncupari
1152 350 1363 385 mereatur
1391 343 1500 385 litte-

69 429 209 475 rarum
232 415 486 472 syriacarum
510 428 641 456 aurea
664 422 778 457 cetos.

126 487 382 543 Auspicatur
406 487 564 541 epocha
589 486 665 528 ista
690 500 711 529 a
737 486 780 529 S.
805 486 995 529 Simone
1020 486 1265 535 BAnsossoii,
1297 486 1500 529 Seleuciae

66 565 107 602 et
136 556 422 613 Ctesiphontis
456 557 654 612 episcopo
672 590 681 607 ,
705 565 746 599 et
778 571 798 599 a
832 557 874 600 S.
894 558 1082 600 MlLLESE
1101 590 1110 606 ‚
1134 557 1251 599 Susae
1282 550 1499 607 antistite,

66 642 244 684 quorum
271 636 447 683 uterque
467 627 591 670 iidem
617 628 821 684 sanguine
839 629 1115 684 obsignarunt
1137 628 1178 670 in
1206 630 1501 683 persecutione

67 701 237 757 Saporis
271 701 491 743 Persarum
533 700 668 756 regis,
708 701 821 755 prior
871 708 1010 742 autem
1055 702 1266 753 epistolas,
1310 703 1502 753 epistolas

67 773 227 814 alteret
250 784 454 813 sermones
475 770 694 825 scripsisse
722 770 938 818 feruntur,
974 770 1045 812 sed
1071 783 1162 825 quae
1188 771 1326 813 forsan
1352 771 1501 827 injuria

68 852 304 898 temporum
348 842 563 897 perierunt
594 842 653 897 (i).
690 842 845 884 Eadem
894 844 978 885 sere
1017 851 1267 898 tempestate
1306 844 1502 886 vixerunt

66 915 300 959 JABACHUES
341 913 560 957 Chaldaeus
600 913 719 969 cujus
763 915 888 956 etiam
928 918 1096 968 epistola
1130 915 1228 957 olim
1265 916 1502 958 innotuisse

67 985 198 1028 fertur
222 985 267 1040 (2)
291 991 332 1028 et
360 985 491 1027 Isaias
518 985 651 1026 Amm
678 985 895 1035 Arzunita,
924 985 1028 1027 aulae
1057 985 1227 1041 Saporis
1252 999 1405 1041 eques,
1431 986 1501 1040 qui

65 1065 301 1109 inurtyrum
330 1063 424 1098 acta
458 1055 626 1109 reliquit
651 1054 712 1111 (5).

127 1127 288 1170 Deinde
300 1140 382 1182 quo
395 1135 583 1182 tempore
596 1127 783 1183 synodus
796 1127 954 1170 nicaena
969 1128 1275 1175 celebrabatur,
1292 1127 1443 1169 mirum
1458 1128 1501 1169 in

67 1200 238 1242 modum
258 1199 476 1242 enitebant
496 1199 685 1241 ecclesiae
709 1200 881 1256 syriacae
908 1200 1025 1255 vigor
1043 1208 1083 1242 et
1107 1214 1162 1243 ss.
1184 1200 1501 1255 disciplinarum

66 1271 273 1321 studium,
308 1270 532 1326 pluresque
566 1270 731 1313 illarum
766 1272 988 1327 regionum
1014 1271 1201 1327 episcopi
1230 1271 1502 1327 profligandis

66 1343 279 1385 erroribus
311 1342 527 1398 ingenium
561 1349 602 1384 et
631 1355 802 1397 operam
835 1343 1119 1385 adhibuerunt
1150 1342 1212 1398 (4).
1249 1343 1365 1384 Inter
1397 1356 1503 1397 quos

67 1414 240 1471 gradum
263 1427 345 1456 non
366 1414 559 1455 intimum
583 1413 717 1456 tenuit
737 1414 780 1457 S.
800 1415 979 1457 JACOBUS
1004 1415 1227 1457 NisinENus
1247 1414 1473 1470 episcopus
1495 1447 1504 1462 ‚

68 1486 138 1542 qui
155 1499 266 1528 anno
282 1487 371 1528 558
387 1498 409 1527 e
426 1485 509 1527 vita
528 1484 735 1540 migravit,
752 1486 987 1527 sanctitatis
1003 1487 1106 1528 fama
1132 1485 1321 1528 illustris.
1337 1485 1503 1540 Scripto

68 1556 279 1599 mandavit
313 1563 511 1598 tractatus
557 1556 718 1611 plures,
754 1570 861 1611 quos
895 1556 1109 1599 recensuit
1155 1556 1405 1599 Gennadius
1439 1555 1503 1611 (5).

68 1629 100 1670 li
135 1637 273 1670 tamen
298 1627 456 1684 syriace
487 1640 567 1670 non
593 1627 774 1682 amplius
797 1636 966 1670 exstant
998 1636 1068 1670 aut
1093 1628 1241 1670 saltem
1274 1629 1475 1670 hactenus
1493 1660 1502 1678 ‚

67 1700 177 1755 quod
210 1700 363 1749 sciam,
388 1699 536 1741 nullibi
561 1699 715 1741 detecti
744 1700 939 1751 l'uerunt3
970 1700 1043 1742 sed
1074 1700 1311 1742 armeniace
1346 1700 1503 1755 pleros-

68 1782 148 1825 que
189 1783 282 1812 cum
323 1771 673 1826 interpretatione
716 1770 842 1812 latina
881 1771 1036 1826 publici
1075 1770 1184 1826 juris
1226 1771 1323 1813 fecit
1358 1771 1504 1813 Romae

66 1855 177 1884 anno
201 1845 317 1885 ‘1756
346 1841 543 1884 Nicolaus
572 1842 826 1884 Antonellus
862 1842 923 1897 (e).

113 2002 154 2042 (ι)
182 2002 306 2034 Horum
335 2002 541 2034 mentionem
572 2000 651 2034 facit
676 2001 768 2034 Ebed
795 2002 871 2033 Jesu
900 2003 932 2032 in
963 1999 1126 2044 Cataloqo
1151 2002 1184 2034 Β.
1211 2003 1247 2034 Ο.
1278 2002 1338 2040 lll,
1369 2004 1423 2034 51.

112 2058 155 2098 (2)
181 2058 266 2090 lbid.

113 2115 157 2157 (5)
183 2117 216 2148 B.
244 2116 280 2148 Ο.
309 2116 344 2153 Ι,
376 2116 418 2147 15
444 2124 514 2155 seq.

113 2172 156 2214 (ι)
182 2173 362 2212 Colligitur
387 2172 450 2204 hoc
474 2181 516 2204 ex
540 2173 572 2203 S.
589 2171 759 2203 Athanasii
776 2171 822 2202 ad
841 2170 1015 2214 episcopos
1042 2170 1190 2214 AEqypci
1216 2175 1247 2203 et
1273 2171 1386 2213 Lybiae
1412 2171 1503 2214 epis-

69 2231 138 2262 tola
164 2230 346 2271 encyclica,
372 2230 460 2271 apud
489 2230 610 2270 migne,
639 2235 718 2261 tom.
740 2230 838 2268 XXV,
858 2230 921 2261 col.
947 2231 1025 2266 557,
1053 2230 1109 2262 ubi
1139 2234 1312 2270 postquam
1339 2230 1382 2260 ab
1409 2230 1503 2262 Aria-

67 2287 120 2318 nis
151 2287 251 2319 etiam
287 2287 368 2318 dum
405 2287 518 2327 specie
548 2286 737 2318 orthodoxa
775 2286 961 2326 loquuntur
997 2287 1184 2318 cavendnm
1223 2295 1295 2319 esse
1336 2287 1502 2324 dixisset,

67 2344 243 2384 subjungit
274 2343 492 2385 apostolicam
519 2349 553 2375 et
579 2349 705 2375 rectam
734 2343 834 2375 fidem
864 2344 1070 2384 propugnari
1096 2354 1117 2375 a
1144 2343 1267 2376 Jacobo
1295 2343 1501 2383 (nisibeno)

67 2399 211 2442 aliisque
237 2399 491 2442 Mesopotamioe
514 2400 732 2441 praesulibus.

115 2459 155 2497 (εὶ
183 2458 278 2498 Apud
305 2458 435 2498 Migne‚
466 2463 546 2489 tom.
568 2458 695 2490 XXXlll
713 2483 720 2495 ,
749 2467 779 2498 p.
807 2458 841 2489 6.

117 2515 158 2554 (6)
184 2514 293 2553 Quare
318 2515 416 2546 valde
442 2515 546 2546 miror
563 2515 600 2546 R.
622 2515 653 2546 P.
675 2514 794 2555 Wenig
809 2539 816 2552 ‚
843 2514 878 2546 in
897 2513 1019 2547 Schola
1037 2514 1174 2556 syriaca
1199 2524 1230 2555 p.
1249 2523 1364 2551 xxxix,
1385 2523 1502 2546 eorum

69 2571 219 2612 opinioni
256 2571 456 2612 adstipulari
493 2573 549 2612 qui
584 2577 739 2604 asserunt
775 2573 806 2603 S.
834 2573 994 2604 jacobum
1037 2572 1232 2604 Nisibenum
1273 2573 1358 2603 nihil
1396 2573 1504 2613 scrip-

68 2629 173 2667 sisse,
200 2635 232 2661 et
259 2630 367 2662 multo
393 2630 497 2669 magis
523 2630 587 2662 Jos.
616 2631 697 2662 Sim.
725 2633 943 2662 Assemanum
972 2630 1071 2669 liujus
1097 2630 1266 2671 opinionis
1292 2630 1334 2661 ab
1358 2630 1431 2671 ipso
1451 2630 1503 2661 in-
