1931 3239
312 172 372 208 166
931 184 1057 209 CAPUT
1083 184 1124 209 11.

313 285 451 320 tamen
473 278 653 320 asseclas
672 286 841 320 nactum
859 278 987 321 fuisse
1005 279 1162 321 multos
1182 291 1231 322 ex
1249 279 1389 335 aliquo
1410 280 1608 323 historico
1628 281 1746 324 sonte

310 361 394 391 non
423 355 614 397 constat3
643 349 813 391 demum
847 350 1107 405 temporibus
1139 350 1284 393 Jacobi
1314 350 1526 400 Baradaei,
1557 340 1745 397 Ῑ-ἶὲςόαέ,

311 417 465 461 Graecis
496 418 694 468 Ζάνζαλος
733 419 994 474 appellatus,
1031 433 1052 461 a
1085 432 1167 474 quo
1207 420 1409 462 Jacohitae
1438 432 1593 463 nomen
1622 433 1746 462 suum

309 487 489 530 mutuati
550 494 677 535 sunt,
730 495 888 529 sectam
940 487 1018 543 ipsi
1080 488 1361 543 potentiorem
1420 488 1747 530 constituerunt.

311 559 350 600 Is
385 565 524 600 autem
561 571 672 600 anuo
706 560 788 600 541
835 558 1123 613 episcopatum
1164 558 1416 601 edessenum
1463 558 1646 600 obtinuit
1686 558 1748 615 (1).

371 629 475 681 Quae
507 630 716 672 sententia
746 643 819 673 seu
850 630 989 685 potius
1021 629 1262 685 conjectura
1292 630 1326 672 si
1358 630 1587 685 placuerit,
1609 629 1748 683 (tene-

311 701 397 743 bris
442 701 554 743 enim
604 714 689 743 non
739 709 883 743 carent
927 701 1043 757 plura
1084 713 1177 756 quae
1216 701 1266 743 ad
1305 701 1479 743 istarum
1531 701 1746 743 haereseon

314 774 518 829 originem
572 781 611 815 et
658 786 928 828 progressum
981 773 1227 829 spectant),
1276 772 1540 815 commodius
1596 771 1748 815 resolvi

311 853 510 900 poterunt
545 844 747 886 nonnulla
784 857 876 900 quae
909 844 952 885 in
987 844 1155 899 scriptis
1191 845 1337 887 Jacobi
1377 844 1627 900 Sarugensis
1669 843 1748 886 dif-

313 916 541 958 ficultatem
575 916 780 958 facessere
815 915 1026 958 videntur.
1059 915 1286 970 Reliquum
1315 923 1401 964 est,
1435 923 1480 957 ut
1512 915 1552 957 id
1583 914 1750 971 generis

312 987 520 1042 praecipua
577 986 869 1029 examinemus
928 986 1187 1042 singulatim.
1243 986 1335 1029 Alia
1393 985 1662 1042 reperiantur
1707 986 1748 1027 in

312 1058 562 1114 praecitatis,
590 1058 669 1100 alia
703 1058 1012 1114 depromuntur
1040 1058 1225 1101 aliunde.

313 1206 327 1244 ξ
349 1207 381 1237 5.
407 1211 670 1245 OBJECTIONEs,
696 1213 881 1238 ADVERSUS
912 1213 1175 1239 ORTHODOXIAM
1200 1212 1228 1239 S.
1255 1212 1375 1239 JACOBI
1405 1211 1451 1238 Ex
1484 1211 1566 1238 EJUS
1590 1211 1750 1238 SCRIPTIS

811 1267 949 1293 PETITAE
965 1285 974 1300 ‚
1000 1267 1280 1294 DISCUTIUNTUR.

378 1376 408 1416 1.
429 1399 487 1404 —
506 1372 698 1415 Vidimus
723 1385 849 1427 supra
879 1371 925 1428 (2)
953 1389 971 1410 α
999 1371 1149 1413 Filium
1178 1371 1250 1413 Dei
1277 1383 1326 1413 ex
1350 1369 1495 1413 Jacobi
1515 1369 1751 1419 sententia,

317 1459 627 1490 rcusommruu
651 1459 701 1487 ET
721 1457 1010 1487 NATunAmTun
1031 1456 1292 1486 ,inmiscuissu
1313 1451 1504 1485 naturam
1529 1441 1750 1484 mortalem

317 1532 413 1561 cum
476 1516 718 1559 immortali.
747 1532 764 1555 »
825 1516 957 1557 Porro
1009 1513 1251 1570 hujusmodi
1314 1513 1512 1569 loquendi
1572 1512 1751 1556 formula

317 1590 452 1644 aliqua
481 1587 747 1643 expositione
776 1586 950 1642 indiget.
982 1587 1027 1628 In
1060 1585 1206 1641 primis
1230 1585 1341 1640 quod
1370 1585 1523 1627 attinet
1550 1585 1600 1627 ad
1629 1597 1752 1627 usum

317 1661 431 1705 verbi
463 1662 682 1708 miscendi,
713 1671 796 1701 non
831 1671 877 1700 ea
909 1658 1045 1700 solum
1076 1658 1190 1707 vice,
1221 1657 1295 1699 sed
1329 1656 1484 1712 passim
1522 1669 1572 1699 eo
1606 1663 1753 1699 auctor

318 1732 520 1774 unionem
549 1730 853 1786 hypostaticam
887 1729 1065 1771 duarum
1100 1735 1342 1770 naturarum
1379 1727 1595 1783 designat3
1625 1733 1751 1782 atque

318 1803 462 1851 hodie,
495 1815 591 1845 cum
621 1801 760 1856 lingua
792 1799 1024 1855 theologica
1058 1798 1442 1841 controversiarum
1478 1797 1573 1840 lima
1604 1810 1753 1853 perpo-

321 1875 390 1916 lita
427 1880 519 1921 est,
553 1872 619 1913 vix
657 1885 676 1914 a
712 1871 919 1913 catholico
967 1870 1164 1925 quopiam
1211 1870 1303 1911 sine
1340 1868 1575 1911 offensione
1610 1875 1751 1924 posset

319 1947 522 1989 adhiberi.
549 1947 608 1988 De
641 1945 717 1986 hac
747 1945 941 1993 formula,
966 1957 1059 1999 quae
1086 1943 1195 1999 apud
1225 1943 1268 1985 S.
1294 1943 1560 1997 Ephraemum
1597 1941 1752 1996 pariter

320 2019 534 2069 occurrit,
576 2017 795 2072 sequentia
837 2016 1027 2071 apposite
1072 2022 1189 2058 notat
1232 2014 1470 2070 Stephanus
1516 2012 1752 2055 Edenensis

320 2092 361 2134 in
400 2091 587 2132 vindiciis
633 2089 943 2130 Maronitarwn
988 2085 1036 2143 (5)
1079 2101 1088 2127 ε
1138 2085 1401 2128 «sciendum
1443 2092 1507 2127 est
1547 2083 1752 2139 quosdam

323 2160 554 2203 «dubium
607 2158 788 2200 movisse
836 2157 887 2199 de
939 2170 1040 2199 voce
1092 2155 1221 2202 izo-S·-
1273 2158 1563 2199 commiscuisti
1619 2154 1751 2210 (apud

324 2249 341 2268 «
383 2229 425 2271 S.
465 2225 793 2283 Ephraemum),
834 2237 884 2268 eo
924 2224 1035 2280 quod
1082 2225 1224 2266 Patres
1271 2224 1491 2279 Eutycheti
1531 2223 1752 2265 anathema

384 2300 596 2348 dixerint,
631 2298 702 2353 qui
734 2296 1081 2339 commixtionem
1123 2295 1165 2338 in
1205 2295 1354 2337 duabis
1393 2294 1544 2337 Christi
1585 2293 1752 2336 Domini

384 2371 544 2415 naturis
588 2369 866 2419 admittebat‚
915 2381 1039 2409 unam
1084 2379 1277 2409 asserens
1325 2379 1374 2409 ex
1422 2366 1482 2408 eis
1527 2365 1751 2408 conflatam

325 2318 336 2335 1

332 2318 342 2340 Ά

325 2393 335 2411 ί

334 2390 341 2411 Α

370 2512 412 2551 (1)
439 2511 484 2542 De
509 2517 576 2549 quo
605 2508 727 2540 videsis
754 2508 785 2539 Β.
813 2507 849 2539 Ο.
880 2507 926 2544 ll,
958 2514 1053 2546 pagg.
1081 2504 1124 2536 6⁶2.
1149 2512 1244 2544 seqq.

372 2568 412 2607 (a)
440 2568 514 2606 Pag.
544 2564 621 2596 159.

371 2632 411 2664 (5)
437 2625 468 2654 B.
494 2623 530 2655 Ο.
559 2623 592 2661 l,
620 2623 675 2653 81.
