1931 3239
602 198 739 224 JACOBI
762 196 904 225 SARL'G.
931 198 1041 226 vim.
1501 192 1538 225 81

111 296 267 340 eosque
285 297 492 343 congrega
513 286 591 329 sub
611 288 873 343 protectione
889 289 1127 332 orationum
1146 295 1326 333 tuarum.
1347 290 1539 334 Extende

114 366 328 410 dexteram
362 376 475 411 tuam
508 370 637 418 hanc,
670 383 762 424 quae
796 383 922 425 super
954 384 1099 413 eorum
1129 372 1263 426 capita
1290 373 1541 420 extendisti,

111 460 218 503 quos
251 461 302 491 ex
332 449 574 492 hominibus
613 450 852 493 carnalibus
879 451 1052 494 effecisti
1098 453 1213 508 regni
1242 456 1406 496 coelestis
1435 454 1542 497 filios

109 537 145 572 et
172 533 344 573 heredes.

170 613 228 654 Ea
269 615 439 655 dextera
492 620 565 655 tua
617 613 892 656 benedicatur
937 616 1214 658 commoratio
1272 616 1350 657 ista
1407 618 1542 671 (istud

108 696 430 751 monasterium)
462 707 558 737 cum
590 696 799 737 universis
829 696 1136 739 habitatoribus
1176 696 1292 752 ejus3
1329 698 1389 739 sic
1427 698 1540 741 enim

110 775 230 818 decet
265 783 310 818 ut
353 775 461 818 filios
496 782 591 818 tuos
625 776 866 832 spirituales
902 778 1054 819 foveas.

170 859 362 902 Extende
393 859 609 903 dexteram
646 868 759 902 tuam
795 861 902 902 hanc
944 874 1036 915 quae
1079 867 1250 902 extensa
1297 860 1373 902 fuit
1412 873 1540 916 super

108 941 405 996 baptizandos,
426 948 471 983 ut
498 954 571 984 eos
590 941 664 984 Dei
684 942 792 985 filios
812 943 1010 985 efficeret.
1031 943 1089 984 Ea
1110 942 1383 984 benedicatur
1404 950 1538 984 coetus

106 1022 176 1076 qui
212 1022 323 1065 diem
358 1023 776 1066 commemorationis
809 1031 889 1065 tuae
917 1022 1143 1066 celebravit
1173 1036 1269 1065 cum
1308 1023 1412 1073 fide,
1441 1037 1536 1065 cum

106 1118 249 1148 amore
271 1119 377 1162 puro
400 1113 442 1149 et
466 1106 687 1162 sapientia.
711 1106 905 1149 Extende
930 1106 1144 1149 dexteram
1171 1113 1284 1148 tuam
1309 1107 1416 1148 hanc
1448 1119 1540 1161 quae

105 1193 279 1230 extensa
308 1201 436 1244 super
457 1188 718 1238 sacerdotes,
749 1201 822 1231 eos
854 1201 875 1230 e
900 1188 1079 1230 terrenis
1108 1187 1246 1230 effecit
1270 1188 1537 1243 spirituales,

106 1271 279 1326 haecque
305 1284 418 1313 nunc
450 1271 571 1314 nobis
603 1285 625 1313 a
656 1271 839 1313 Domino
861 1278 1036 1313 cunctas
1058 1270 1377 1313 benedictiones
1409 1271 1540 1314 addu-

107 1361 171 1396 cat
201 1353 354 1409 quibus
387 1362 520 1397 coetus
554 1361 698 1397 noster
731 1354 914 1403 ditetur,
949 1354 1170 1397 benedicte
1200 1356 1340 1410 pater!

166 1493 360 1537 Extende
386 1493 604 1536 dexteram
638 1501 755 1536 tuam
780 1495 910 1544 hanc,
933 1508 1025 1550 quae
1056 1507 1183 1550 super
1207 1495 1362 1537 Christi
1384 1507 1538 1551 corpus

106 1583 280 1619 extensa
320 1576 421 1627 fuit,
450 1577 639 1632 illudque
683 1577 899 1619 distribuit
942 1577 1141 1619 omnibus
1186 1577 1455 1620 sumentibus
1495 1577 1537 1619 in

105 1657 398 1700 remissionem
416 1665 698 1713 peccatorum.
717 1659 909 1700 Extende
929 1646 1144 1701 dexteram
1167 1667 1280 1701 tuam
1301 1666 1342 1701 et
1360 1658 1538 1702 benedic

105 1746 228 1781 terrae
248 1747 290 1782 et
319 1740 627 1783 habitatoribus
650 1741 741 1797 ejus
759 1774 768 1791 ‚
797 1750 841 1784 ut
868 1741 1070 1797 producat
1098 1741 1164 1783 illa
1190 1742 1349 1783 fructus
1378 1741 1539 1783 uberri-

105 1833 198 1863 mos
220 1821 509 1877 quorumlibet
538 1831 758 1878 segetum,
789 1830 919 1878 utque
949 1822 1241 1865 mendicantes
1263 1829 1304 1865 et
1333 1835 1539 1878 pauperes

108 1903 315 1946 Dominus
339 1917 389 1947 ex
420 1904 532 1947 dono
563 1918 640 1948 suo
671 1906 724 1948 ob
756 1914 922 1948 sanctas
954 1912 1047 1947 tuas
1068 1905 1282 1948 orationes
1313 1912 1538 1948 sustentet.

166 1985 360 2029 Extende
383 1986 598 2029 dexteram
633 1996 746 2030 tuam
768 1995 809 2030 et
834 2000 977 2043 pacem
1013 1987 1171 2030 tribuas
1198 1987 1386 2030 ecclesiae
1415 1987 1539 2029 matri

107 2075 212 2117 tuae,
245 2067 287 2110 in
316 2081 395 2122 qua
430 2068 528 2111 inde
556 2082 576 2111 a
611 2069 787 2125 pueritia
822 2069 873 2111 ad
905 2075 1168 2111 senectutem
1199 2081 1334 2123 usque
1366 2081 1540 2111 conver-

153 2263 182 2285 v.
211 2255 288 2286 54⁶2..
315 2255 411 2286 Vocis
447 2248 510 2293 μή
552 2256 634 2288 nihil
662 2261 819 2297 superest
848 2257 880 2288 in
909 2256 996 2293 cod.‚
1028 2262 1061 2287 et
1088 2256 1120 2287 in
1154 2249 1278 2298 hai-‘³
1320 2259 1456 2298 vestigia
1485 2259 1538 2290 vix

105 2313 326 2354 apparebant.
352 2313 449 2344 Unde
474 2313 544 2345 haec
573 2322 638 2345 non
668 2314 731 2345 nisi
758 2314 798 2345 ad
823 2313 1062 2353 complendum
1091 2322 1118 2343 v.
1145 2313 1265 2352 adJeci.

149 2383 178 2405 v.
205 2375 284 2406 544.
312 2374 410 2406 Initio
430 2374 528 2414 hujtis
556 2385 584 2406 v.
604 2376 669 2417 legi
695 2376 806 2407 adhuc
831 2381 963 2416 poterat
989 2368 1103 2429 κῑὲε
1130 2383 1231 2409 mmo,
1267 2381 1340 2415 post
1374 2384 1450 2417 quae
1486 2377 1537 2408 iu-

103 2431 221 2464 formia
264 2432 404 2472 vestigia
444 2440 483 2463 ex
520 2433 629 2464 diluto
668 2439 858 2465 atramento
887 2438 1098 2473 sequuntur,
1136 2437 1239 2473 atque
1258 2441 1304 2465 ex
1331 2434 1381 2465 his
1409 2434 1537 2474 conjeci

100 2487 292 2545 <amo-32
333 2486 505 2548 ωψ.
535 2512 578 2518 -
604 2495 752 2527 Tandem
779 2504 892 2528 vocem
933 2483 1130 2526 uma-222⁶&
1161 2503 1202 2527 ex
1226 2504 1323 2527 sensu
1355 2501 1388 2527 et
1425 2497 1539 2535 paucis

104 2552 264 2584 ductibus
290 2552 534 2583 admittendam
562 2552 689 2583 censui.

149 2618 178 2639 v.
207 2609 285 2640 549.
313 2607 469 2641 Ecctesiae
494 2609 687 2649 Sarugensi.

1322 2689 1352 2715 tt
