1931 3239
584 176 718 202 JAoom
749 174 890 201 SARUG.
920 174 1025 199 Vim.
1482 163 1525 197 ‘253

400 312 414 343 ᾖ
438 313 462 337 1.
507 316 683 337 ΟΕΟΠΟΙΑΝΙΕ
706 315 871 336 PANEGYMS
894 314 1006 335 lex'rus
1028 313 1064 334 ET
1087 313 1201 334 vuasto.

132 426 360 467 Reperiuntur
397 425 496 465 liujtis
523 430 681 465 excerpta
720 424 873 464 qutedam
904 424 937 455 in
964 425 998 456 B.
1027 425 1064 456 O.
1095 425 1128 459 l,
1157 433 1211 464 pp.
1243 423 1422 461 <286·288‚
1451 432 1525 464 qufe

84 491 159 515 cum
188 482 319 514 caeteris
345 482 433 522 ipse,
471 481 581 521 quoad
611 481 704 521 potui
737 480 1010 517 accuratissime,
1037 488 1055 511 e
1083 488 1144 511 ms.
1176 480 1333 511 Vaticano
1364 480 1426 511 117
1457 488 1523 510 non

84 539 245 572 mediocri
269 539 385 570 labore
406 538 592 578 descripsi;
618 538 682 570 fuit
704 538 793 570 enim
820 538 926 570 codex
954 537 1045 570 foliis
1077 537 1252 574 110-114,
1279 537 1338 568 ubi
1366 536 1525 580 Paizeyy-

83 596 175 627 ricus
207 600 376 636 postrema
402 595 453 626 sui
480 599 576 636 parte
601 595 742 626 mutilus
769 597 984 632 continetur,
1009 594 1153 635 pessime
1179 593 1334 632 babitus,
1361 593 1428 625 imo
1446 593 1526 625 hinc

83 653 162 685 inde
188 652 272 684 adeo
298 653 438 684 abrasus
467 657 504 683 ut
530 660 572 683 ne
599 652 738 691 vestigia
764 651 900 691 quidem
928 651 1092 691 expiscari
1124 650 1268 682 licuerit.

139 709 372 750 interpunctio
399 709 500 748 hujus
518 709 713 740 documenti
732 717 768 740 ea
789 713 838 740 est
859 714 891 739 ut
910 716 1025 740 versus
1042 717 1193 748 semper,
1217 716 1281 739 non
1301 707 1344 738 ita
1368 706 1525 747 periodos

89 767 131 798 ab
160 767 304 798 invicem
332 766 524 803 discernat;
552 766 610 798 ubi
639 766 706 797 duo
734 770 856 806 puncta
885 769 1080 805 ponuntur,
1106 765 1152 795 ibi
1179 764 1335 804 superius
1362 763 1465 795 minio
1491 764 1525 795 in

85 823 201 855 codice
227 827 375 855 notatur.
404 823 566 854 Praeterea
594 822 678 853 illud
708 831 829 854 moneo
857 822 1093 862 panegyricum
1113 830 1214 853 manu
1234 830 1271 853 ea
1291 830 1365 861 quae
1383 821 1416 852 in
1446 820 1525 853 reli-

85 889 152 921 quo
178 880 294 912 codice
321 885 462 921 apparet
487 880 614 912 seriore
644 885 817 911 exaratum
832 903 839 915 ‚
861 880 928 910 imo
943 879 1082 910 aliunde
1109 884 1259 910 assutum
1280 879 1386 910 videri
1405 889 1411 909 :
1433 878 1524 918 quod

88 937 284 969 declaratur
310 945 351 968 ex
379 937 574 968 diversitate
599 937 746 972 chartae,
777 936 1025 968 elementorum
1051 934 1161 967 forma
1180 959 1187 972 ‚
1212 941 1244 967 et
1273 935 1390 966 habitu
1417 936 1524 975 scrip-

86 1000 194 1031 turae,
225 1002 300 1035 quae
326 994 454 1026 ibidem
482 1003 549 1026 non
577 994 709 1030 tribus,
738 998 773 1024 ut
799 993 901 1028 alias,
931 993 988 1025 sed
1017 993 1149 1024 duabus
1173 992 1369 1024 continetur
1393 993 1526 1024 colum-

88 1052 154 1083 nis.
182 1052 339 1083 Ceterum
369 1051 505 1083 lacunas
531 1057 563 1083 et
582 1051 694 1082 dubiae
714 1050 869 1082 lectionis
887 1049 1047 1081 vocabula
1067 1049 1100 1080 in
1119 1049 1270 1089 margine
1288 1049 1423 1080 notabo.
1445 1049 1525 1088 Quae

85 1115 200 1140 autem
226 1110 269 1140 ab
298 1109 480 1140 Assemano
506 1109 644 1141 recitata
674 1108 768 1140 fuere
793 1107 868 1139 heic
895 1110 1081 1148 perpetuo,
1109 1111 1146 1138 ut
1172 1106 1214 1137 ab
1241 1106 1379 1137 ineditis
1402 1105 1523 1137 distin-

85 1171 232 1207 guantur
246 1191 253 1202 ,
276 1167 369 1198 uncis
394 1166 568 1207 quadratis
590 1165 602 1208 [
629 1165 640 1207 ]
659 1167 692 1197 in
714 1165 868 1198 versione
886 1165 1023 1203 inclusi,
1042 1168 1143 1205 atque
1164 1163 1212 1195 ibi
1235 1163 1335 1196 etiam
1353 1165 1524 1196 Assemani

87 1229 216 1255 textum
245 1223 386 1255 latinum
412 1224 540 1256 servavi
556 1248 564 1262 ‚
589 1232 794 1264 quamquam
820 1223 898 1254 hinc
921 1222 1000 1254 inde
1026 1222 1166 1253 liberior
1184 1225 1235 1253 est
1255 1226 1288 1252 et
1308 1221 1522 1261 paraphrasis

85 1281 268 1320 aliquando
297 1281 347 1312 vel
379 1281 526 1321 epitome
560 1281 672 1321 potius
697 1289 797 1320 quam
830 1279 1006 1311 translatio
1035 1279 1179 1310 videtur.
1208 1296 1252 1300 —
1280 1279 1418 1310 nemum
1448 1287 1524 1318 quae

87 1349 183 1372 voces
219 1339 494 1380 interpretationi
522 1339 662 1371 litterali
698 1338 948 1379 perspicuitatis
978 1338 1084 1378 gratia
1115 1336 1280 1368 addendae
1320 1336 1396 1368 visae
1423 1342 1523 1375 sunt,

87 1398 120 1428 in
149 1397 302 1429 versione
330 1405 403 1430 mea
428 1396 609 1429 elementis
633 1396 882 1436 comparebunt
908 1394 1040 1427 italicis.
