1931 3239
553 171 717 197 CARMEN
744 172 754 197 1
782 172 830 197 DE
857 173 889 197 Β.
918 172 953 196 ν.
982 173 1024 198 M.
1444 167 1508 201 :2:53

76 272 152 316 ego
182 259 259 302 sim
288 259 427 316 virgo,
458 273 535 304 nec
566 262 727 305 fructus
757 263 809 304 sit
841 264 1102 320 virginibus?
1128 279 1146 302 t>

135 344 252 387 Tunc
294 344 438 400 utique
484 344 885 401 interrogationibus
929 347 1109 389 maxime
1148 360 1254 402 opus
1293 355 1408 397 erat,
1462 355 1506 389 ut

75 426 153 469 sibi
185 426 400 481 generatio
432 426 524 469 Filii
555 427 595 468 in
626 427 713 482 ipsa
746 427 971 470 habitaturi
1006 428 1249 484 affulgeret3
1275 428 1506 485 intorroga-

76 506 132 549 vit
167 506 294 548 Maria
325 513 369 548 ut
409 519 486 548 nos
517 506 568 549 de
604 507 682 548 hoo
711 515 942 562 conceptu,
971 507 1090 563 cujus
1120 507 1291 551 historia
1327 509 1506 564 explica-

74 589 231 633 tionem
265 589 551 639 transcendit,
578 589 629 632 ab
655 589 802 645 angelo
834 590 1123 632 edoceremur.

132 760 196 802 En
245 768 449 817 quantum
504 761 633 804 Maria
688 761 1076 816 contemplantibus
1132 773 1222 804 eam
1278 761 1503 804 virtutibus

71 841 281 885 excellens
315 849 537 898 appareat,
576 849 617 884 et
653 850 857 897 quantum
906 843 1026 886 dotes
1063 842 1154 899 ejus
1188 843 1273 885 sint
1309 843 1503 887 discretis

70 924 293 967 amabiles!
327 924 488 980 Nempe
518 924 630 980 quod
661 925 934 981 interrogavit
967 932 1013 967 ut
1040 925 1091 967 ab
1125 925 1288 981 Angelo
1321 925 1372 968 de
1402 938 1502 967 con-

70 1014 193 1062 ceptu
226 1021 302 1051 suo
341 1008 496 1051 certior
527 1008 672 1058 fieret,
704 1008 746 1051 id
775 1022 897 1051 suum
937 1016 1026 1051 erat
1057 1010 1272 1056 meritum,
1313 1016 1355 1051 et
1386 1008 1502 1050 audi-

69 1089 231 1132 toribus
267 1091 500 1146 proficuum
534 1090 674 1133 cessit.

129 1173 221 1216 Non
263 1173 598 1230 interrogaverat
640 1174 752 1216 Heva
789 1180 1056 1229 serpentem,
1096 1174 1265 1229 quando
1298 1173 1365 1216 hic
1407 1185 1499 1215 eam

70 1254 258 1310 decepit,
289 1255 363 1299 sed
406 1255 640 1298 voluntarie
678 1263 821 1298 tacens
865 1255 1046 1298 assensit
1083 1254 1316 1298 mendacio.
1357 1254 1499 1297 Puella

68 1336 156 1379 haec
182 1338 402 1381 veritatem
436 1338 594 1381 audivit
624 1351 646 1381 a
682 1351 850 1389 verace,
872 1348 914 1382 at
950 1351 1034 1381 non
1067 1339 1183 1394 prius
1210 1351 1332 1394 quam
1362 1337 1500 1394 ipsum

68 1418 120 1462 de
146 1419 205 1462 rei
232 1420 498 1477 expositione
530 1420 709 1463 multum
737 1421 947 1464 sciscitata
973 1421 1136 1464 suisset.

127 1563 200 1606 llla
235 1577 280 1607 se
316 1577 389 1620 per
426 1565 621 1608 arborem
659 1565 780 1608 deam
812 1566 962 1608 factam
1007 1565 1056 1607 iri
1091 1565 1290 1615 audiens,
1326 1566 1499 1610 minime

67 1644 228 1688 dixerat
270 1660 280 1687 ι
314 1662 332 1686 «
353 1646 566 1701 quomodo
597 1646 709 1689 istud
742 1647 852 1702 quod
887 1654 929 1689 tu
958 1646 1062 1690 dicis
1098 1646 1368 1690 efficietur?n
1400 1648 1498 1692 Haec

66 1739 164 1770 vero
193 1740 289 1771 cum
338 1728 375 1771 ei
407 1728 581 1785 angelus
610 1729 784 1773 dixisset
815 1730 946 1785 ipsam
977 1730 1130 1773 Filium
1164 1731 1240 1774 Dei
1272 1739 1498 1786 conceptu-

67 1822 176 1859 ram,
206 1809 322 1865 prius
353 1810 389 1853 ei
420 1823 505 1853 non
536 1811 717 1855 assensit
742 1824 867 1867 quam
900 1811 1114 1856 didicisset
1144 1813 1375 1856 veritatem.

128 1980 263 2037 {psam
296 1993 370 2037 per
400 1994 444 2022 se
476 1994 744 2024 ascensuram
776 1981 826 2023 ad
852 1981 1028 2037 gradum
1059 1980 1288 2024 divinitatis
1324 1981 1497 2024 minime

66 2067 285 2110 mendacio
320 2067 567 2110 vertendum
604 2068 813 2123 suspicata
850 2075 913 2109 est
953 2066 1069 2122 virgo
1105 2065 1280 2116 Adami;
1313 2078 1360 2109 ea
1398 2078 1495 2108 vero

66 2161 158 2205 quae
184 2150 366 2205 paritura
395 2157 484 2193 erat
512 2150 662 2193 Filium
702 2151 798 2200 Dei,
829 2163 922 2192 cum
949 2149 1028 2204 ipsi
1057 2161 1195 2192 sermo
1219 2148 1351 2198 fieret,
1380 2161 1494 2190 seruo

66 2238 202 2283 tatur,
236 2232 434 2287 inquirit,
465 2232 692 2281 edocetur,
723 2241 764 2275 et
794 2239 893 2275 tunc
925 2231 1096 2274 demum
1138 2231 1277 2273 tacuit.

129 2418 309 2461 Videsne
337 2431 449 2461 nunc
488 2425 693 2474 quantum
725 2419 811 2460 haec
845 2418 899 2459 sit
925 2417 992 2459 illa
1022 2418 1173 2459 virtute
1207 2416 1493 2472 praestantior?

115 2616 142 2638 v.
171 2607 246 2639 559.
274 2608 307 2639 in
331 2609 403 2640 cod.
433 2609 492 2640 117
519 2609 565 2640 sie
592 2614 641 2641 est
669 2618 675 2640 :
702 2597 778 2638 σι’-ξ
812 2600 958 2645 umal
994 2600 1079 2637 Δ
1115 2599 1212 2649 μὴ
1244 2599 1356 2660 ³3²⁴?
1384 2598 1493 2645 tymi>
