1931 3239
764 211 924 239 THESES.
1502 204 1565 239 335

800 335 883 376 LV.

197 443 393 488 Divinum
423 445 731 489 Incarnationis
758 448 1003 504 mysterium
1040 460 1131 490 esse
1162 448 1249 490 Deo
1272 447 1566 504 dignissimum

135 515 224 570 ipsa
262 517 366 559 ratio
396 516 477 560 lide
505 516 709 560 illustrata
737 518 909 569 suadet3
933 531 1057 574 porro
1079 519 1261 562 absurde
1295 520 1565 563 rationalistae

138 587 300 630 nonulli
328 587 545 643 jactitant,
575 602 782 632 summam
812 589 938 632 Verbi
964 590 1263 645 perfectionem
1291 599 1332 634 et
1361 591 1568 634 infinitam

138 658 399 714 maJ'estatem
424 659 729 716 impedimento
750 674 868 712 esse,
895 662 1121 718 quominus
1145 663 1277 718 possit
1300 676 1395 707 cum
1417 671 1565 707 natura

136 729 316 774 humana
341 731 603 788 hypostatice
630 732 757 775 uniri.

791 878 895 920 LVI.

197 986 390 1030 Humana
443 987 595 1032 Christi
643 995 791 1032 natura
834 989 974 1032 Verho
1023 990 1283 1047 hypostatice
1343 990 1567 1047 conjuncta

135 1070 220 1101 uno
245 1058 480 1115 eodemque
509 1059 640 1102 latriae
674 1059 788 1102 cultu
822 1060 987 1103 adorari
1021 1060 1147 1104 dehet
1185 1074 1269 1116 qno
1302 1062 1429 1104 Verbi
1465 1063 1568 1105 divi-

135 1128 286 1172 nitas:
320 1142 372 1173 ex
412 1142 495 1184 quo
536 1130 668 1185 liquet
716 1131 876 1174 cultum
915 1146 971 1175 ss.
1010 1130 1158 1176 Cordis
1185 1133 1310 1184 Jesu,
1353 1141 1478 1189 prout
1524 1135 1566 1177 in

136 1200 324 1244 Ecclesia
351 1201 555 1245 catholica
587 1202 628 1244 in
658 1216 734 1245 usu
764 1211 851 1255 est,
881 1204 994 1260 pium
1026 1217 1118 1247 esse
1144 1211 1185 1247 et
1216 1204 1433 1261 principiis
1467 1206 1568 1262 dog-

135 1271 300 1316 maticis
330 1272 454 1329 plane
479 1273 758 1318 conformem.

785 1410 910 1451 LVII.

192 1517 383 1562 Christus
411 1519 653 1576 redemptor
682 1533 768 1563 non
800 1533 876 1576 pro
914 1520 1015 1564 solis
1049 1520 1222 1571 electis,
1253 1528 1296 1564 ut
1333 1521 1561 1565 Calviniani

130 1596 172 1633 ct
199 1590 449 1634 Jansenistae
486 1592 773 1643 contendunt,
813 1606 951 1648 neque
1000 1606 1075 1649 pro
1117 1593 1217 1637 solis
1263 1594 1485 1646 fidelibus,
1520 1602 1566 1638 ut

130 1660 221 1704 aliis
255 1660 391 1704 visum
425 1670 517 1713 est,
561 1663 634 1706 sed
677 1676 752 1719 pro
794 1663 992 1706 omnihus
1026 1664 1201 1707 omnino
1236 1665 1479 1708 hominihus
1512 1679 1563 1709 ex

128 1731 292 1776 sincera
322 1733 538 1776 voluntate
566 1734 716 1777 iisdem
752 1734 905 1778 auxilia
952 1734 1099 1778 salutis
1150 1737 1417 1792 promerendi
1454 1751 1565 1781 mor-

129 1810 226 1847 tuus
258 1811 322 1848 est
349 1817 398 1848 ac
426 1805 676 1861 sanguinem
703 1805 826 1849 fudit.

774 1962 920 2004 LVIII.

186 2070 324 2114 Homo
358 2070 561 2114 beneficia
602 2071 752 2114 mortis
796 2071 950 2114 Christi
990 2072 1114 2114 in-se
1150 2071 1297 2127 recipit
1332 2084 1407 2128 per
1443 2072 1564 2128 justi-

127 2142 335 2186 ficationis
383 2143 562 2199 gratiam
588 2177 598 2195 ‚
671 2143 791 2200 cujus
846 2143 1177 2200 descriptionem
1243 2144 1293 2186 ab
1355 2145 1562 2201 Apostolo

126 2215 332 2270 prolatam
356 2217 474 2271 Rom.
491 2216 572 2265 III,
590 2218 730 2259 24-26
760 2216 804 2258 in
829 2216 936 2259 hanc
965 2217 1221 2260 sententiam
1256 2216 1333 2259 rite
1357 2229 1562 2273 exposue-

125 2288 182 2331 ris
212 2303 222 2331 :
254 2304 274 2328 c<
307 2288 600 2332 „iustificantur
634 2297 775 2332 antem
806 2302 891 2332 non
927 2289 1011 2332 ullo
1046 2303 1124 2332 suo
1158 2290 1336 2340 merito,
1365 2290 1437 2333 sed
1472 2304 1563 2346 gra-

125 2358 202 2410 tis,
235 2359 414 2416 gratuita
457 2360 531 2402 Dei
578 2360 794 2410 bonitate,
828 2373 903 2417 per
954 2360 1291 2417 redemptionem
1323 2361 1435 2404 illam
1468 2374 1562 2418 quae

125 2437 290 2486 peracta
324 2437 389 2474 est
418 2430 459 2472 in
505 2443 683 2487 persona
711 2432 811 2475 Jesu
851 2432 1031 2482 Christi,
1056 2445 1182 2487 quem
1224 2432 1336 2474 Deus
1380 2432 1560 2475 homini-

122 2501 232 2552 bus,
259 2501 329 2556 qui
367 2501 493 2544 fidem
528 2502 586 2544 illi
624 2503 778 2547 habere
817 2503 1052 2554 voluerint,
1088 2504 1129 2545 in
1162 2503 1373 2546 victimam
1410 2504 1561 2560 ipsius-

121 2580 208 2616 met
255 2573 473 2629 sanguinis
512 2573 719 2618 effusione
765 2575 1018 2631 piacularem
1060 2575 1302 2631 proposuit,
1342 2575 1467 2632 idque
1509 2575 1560 2618 ad

121 2644 426 2689 ostendendam
462 2659 581 2690 suam
615 2647 882 2692 sanctitatem
926 2654 1093 2703 peccata
1120 2660 1291 2692 exosam
1312 2680 1322 2699 ‚
1348 2661 1398 2692 eo
1442 2648 1554 2704 quod
