1931 3239
575 177 742 203 CARMEN
768 179 794 203 11
821 179 870 205 nn
897 180 930 205 R.
959 180 994 204 v.
1024 180 1064 205 M.
1462 172 1525 206 2713

83 280 176 323 quae
217 269 378 324 peperit
420 269 578 320 solem;
621 279 784 314 tantum
821 273 940 315 abest
984 281 1025 314 ut
1069 274 1305 329 corruperit
1347 281 1417 317 aut
1448 275 1519 317 dc·

84 350 324 393 formaverit
352 351 605 408 virginitatis
634 366 720 395 suae
751 354 955 406 nitorem3
986 358 1066 397 imo
1094 357 1128 398 si
1157 357 1271 412 virgo
1310 370 1391 400 non
1423 357 1520 400 fuis-

81 444 171 487 set,
218 437 291 479 sed
336 445 475 481 tamen
523 439 564 480 in
604 452 651 482 ea
690 440 920 484 habitasset
963 442 1073 484 tilius
1126 441 1362 492 Creatoris,
1407 444 1519 487 hunc

83 520 294 563 decuisset
346 522 478 576 ipsam
522 523 717 566 exeundo
767 524 969 579 virginem
1022 527 1202 580 effectam
1254 526 1519 582 relinquere3

83 603 248 659 itaque,
283 617 378 647 cum
413 605 528 661 virgo
563 615 675 648 esset
718 607 887 661 quando
934 621 1029 650 eum
1075 609 1283 664 suscepit,
1338 609 1519 651 nitorem

82 685 256 728 minime
291 685 442 729 laedere
473 687 609 742 potuit
636 687 748 730 illius
781 688 887 731 uteri
923 689 993 744 qui
1030 702 1126 732 eum
1155 697 1299 733 sancte
1328 692 1520 747 gestavit.

143 768 379 820 Quamnam
397 769 560 813 ancillae
576 771 815 814 mercedem
842 779 1066 827 acceptura
1084 781 1173 815 erat
1193 786 1285 828 quae
1301 774 1519 818 dominum

80 864 203 893 suum
227 851 452 894 educavit?
475 854 648 895 Asserat
688 853 767 895 iste
808 853 980 908 iniquus
1002 854 1113 908 quod
1141 854 1264 911 hujus
1291 869 1414 899 causa
1442 858 1522 900 vir-

80 932 300 988 ginitatem
325 947 443 976 suam
471 935 685 985 amiseri13
721 943 762 977 at
785 944 931 978 contra
963 937 1126 992 accepit
1158 937 1522 982 abundantissime

82 1017 456 1074 pulchritudinem,
476 1018 800 1068 beatitudinem,
827 1018 1113 1068 sanctitatem,
1135 1019 1219 1062 imo
1238 1020 1519 1076 virginitatem

82 1112 205 1154 quam
224 1112 360 1155 neque
374 1112 447 1155 per
461 1100 723 1143 nativitatem
742 1113 860 1142 suam
873 1100 1096 1143 minimum
1113 1100 1219 1143 laesit
1236 1102 1522 1146 Admirabilis.

141 1182 231 1224 Lux
273 1182 476 1225 habitavit
517 1182 559 1224 in
608 1195 655 1225 ea
702 1195 794 1238 quae
840 1182 1120 1226 mundissimo
1160 1183 1385 1238 splendore
1421 1198 1520 1227 con·

82 1270 245 1306 stanter
298 1263 538 1313 effulserat,
594 1272 639 1306 ut
694 1271 807 1306 esset
857 1264 972 1320 virgo
1027 1272 1227 1320 perpetua
1289 1273 1329 1308 et
1387 1274 1519 1309 mater

79 1346 537 1403 incomprehensibilis.

147 1431 194 1473 ln
224 1431 465 1487 prophetia,
499 1430 602 1473 mari
640 1430 940 1486 mysteriorum
975 1437 1016 1473 et
1054 1430 1381 1482 revelationum,
1418 1432 1520 1489 figu-

83 1513 254 1556 rabatur
282 1519 420 1568 typus,
450 1511 646 1568 mysteria
674 1511 741 1553 illa
772 1519 814 1554 et
841 1511 1125 1567 virginitatem
1154 1511 1245 1566 ejus
1275 1512 1519 1567 plenissime

82 1597 283 1640 referens.

143 1679 271 1727 Veni,
300 1692 324 1720 o
359 1678 574 1721 Ezechiel!
611 1679 672 1720 vir
705 1678 775 1733 qui
811 1678 926 1720 inter
961 1677 1239 1720 revelationes
1274 1677 1516 1730 adolevisti,

84 1763 232 1806 doctor
267 1762 337 1818 qui
372 1770 412 1804 te
441 1762 662 1804 audientes
700 1762 919 1804 veritatem
953 1761 1129 1810 edoceS‚
1164 1761 1366 1817 propheta
1398 1775 1519 1805 vexa-

82 1847 245 1890 tissime
287 1859 412 1901 quem
455 1853 654 1887 urserunt
690 1845 872 1887 visiones
911 1844 1087 1894 divinae,
1125 1844 1165 1886 in
1199 1845 1323 1887 rebus
1356 1846 1519 1887 arcanis

82 1929 283 1972 divinitus
335 1935 605 1977 conversam,
660 1928 988 1984 gloriosissime,
1043 1927 1112 1983 qui
1167 1927 1320 1969 audisti
1374 1940 1517 1970 vocem

80 2021 267 2056 rotarum
301 2012 593 2061 rationalium,
623 2025 671 2054 ac
697 2012 863 2055 sonitus
891 2004 1077 2060 alarum,
1112 2025 1345 2067 currusque
1379 2019 1519 2054 motus

84 2094 300 2151 ingentes3
327 2093 466 2136 anima
494 2093 672 2142 decora,
705 2106 799 2149 quae
830 2093 1090 2149 conspexisti
1121 2093 1378 2135 mutationes
1413 2093 1519 2136 Che-

84 2180 248 2229 rubim,
291 2192 450 2234 oraque
492 2179 619 2235 ignita
662 2178 1006 2221 benedicentium
1044 2177 1308 2220 Altissimum
1350 2177 1391 2219 in
1428 2177 1520 2220 loco

83 2275 186 2312 suo,
218 2263 340 2311 veni,
363 2275 387 2305 o
419 2262 476 2304 fili
505 2262 605 2305 Buzi
624 2295 633 2311 ,
666 2262 900 2316 afferasque
924 2260 1155 2317 prophetiae
1187 2266 1269 2302 tuae
1298 2259 1520 2303 volumen!

83 2346 266 2389 Taceant
285 2358 448 2395 omnes,
470 2353 512 2387 tu
532 2353 671 2388 autem
700 2358 848 2401 surgas
877 2345 927 2387 ad
949 2344 1168 2387 veritatem
1191 2342 1517 2399 praedicandam.

142 2429 187 2472 Si
222 2429 360 2471 vidisti
405 2437 447 2471 tu
481 2429 687 2486 virginem
724 2428 895 2471 Mariam
942 2429 985 2470 in
1020 2427 1254 2470 visionibus
1289 2426 1399 2477 tuis,
1428 2426 1519 2482 eJus

86 2510 188 2554 mihi
222 2511 400 2566 effigiem
438 2510 663 2559 exhibeas,
700 2518 744 2553 ut
787 2510 982 2553 decorem
1023 2509 1134 2551 illius
1175 2509 1519 2564 contemplentur

88 2594 295 2637 universae
326 2601 544 2636 creaturae.

1292 2699 1332 2726 33
