1931 3239
372 186 392 216 λ’..

953 186 1237 215 INTRODUCTIO.

433 281 545 332 nati,
569 280 722 336 aliique
740 278 1012 323 ecclesiastici
1039 279 1145 321 ritus
1171 285 1213 321 et
1243 289 1427 321 canones
1459 276 1664 339 instituti,
1688 276 1800 318 docti

434 352 615 407 denique
643 351 718 393 viri
742 351 849 393 bene
883 349 1004 392 multi
1028 356 1247 404 coeperunt
1273 348 1400 391 verbo
1432 354 1473 390 et
1501 347 1668 402 scriptis
1699 346 1802 389 divi-

434 436 530 466 nam
558 421 793 465 doctrinam
821 420 975 476 populo
1006 419 1197 468 tradere,
1228 426 1269 461 et
1299 419 1496 474 antiquos
1530 424 1803 473 recentesque

434 505 599 537 errores
630 491 753 535 editis
772 489 1057 534 voluminibus
1086 489 1364 532 confutare...
1393 489 1444 531 Et
1475 500 1573 531 vero
1602 488 1803 530 credibile

433 571 497 607 est
518 564 612 606 illos
636 563 765 605 multa
784 561 843 605 sic
864 560 1022 616 ingenii
1046 566 1321 603 monumenta
1348 559 1568 614 reliquisse
1583 591 1592 608 ,
1619 559 1693 601 sed
1712 571 1804 613 quae

433 634 494 678 vel
518 633 668 689 injuria
697 640 933 687 temporum
956 630 1213 679 exciderint,
1237 629 1298 672 vel
1323 629 1364 671 iu
1389 629 1518 685 Syriae
1547 628 1711 684 angulis
1734 628 1805 671 ad-

433 705 516 747 huc
543 703 804 746 delitescant.
835 703 1064 744 Accessere
1096 701 1337 755 frequentes
1362 699 1626 741 incursiones
1660 700 1805 741 Persa-

436 788 545 825 rum,
559 774 746 816 Arabum
763 781 804 815 et
819 773 1089 814 Tartarorum
1104 771 1145 813 in
1161 770 1505 826 Mesopotamiam
1520 770 1804 825 finitimasque

433 846 633 902 Syrorum
663 844 922 900 provincias,
946 844 1100 899 quibus
1129 843 1254 885 urbes
1284 842 1474 884 funditus
1496 855 1652 885 eversae
1681 850 1805 890 sunt,

438 915 692 958 monasteria
722 915 812 957 solo
843 922 1025 969 aequata,
1050 914 1238 956 ecclesiae
1268 913 1363 969 igne
1384 914 1619 969 absumptae
1640 920 1681 955 et
1704 925 1805 968 prac-

436 986 686 1029 stantissimi
702 985 868 1028 codices
885 985 1053 1028 sublati.
1071 985 1189 1040 Siqui
1208 993 1348 1027 autem
1364 985 1638 1027 barbarorum
1658 997 1807 1026 manus

437 1066 660 1100 evaserunt
686 1056 816 1113 (bene
840 1057 998 1099 multos
1020 1057 1201 1099 evasisse
1226 1063 1386 1098 certum
1409 1055 1495 1112 est)
1522 1055 1547 1097 ii
1568 1056 1630 1097 vel
1658 1055 1808 1097 blattas

440 1129 658 1184 tineasque
682 1129 723 1171 in
748 1128 901 1171 eremis
928 1136 1130 1183 pascunt,
1154 1128 1216 1170 vel
1239 1129 1289 1169 ab
1311 1127 1468 1183 ignaris
1492 1127 1808 1182 possessoribus

440 1202 690 1251 lacerantur,
715 1201 1013 1256 discerpuntur
1043 1207 1083 1243 et
1115 1200 1301 1255 profanis
1325 1199 1471 1241 usibus
1500 1199 1808 1254 mancipantur.

438 1273 674 1329 Scriptores
708 1285 806 1315 vero
845 1273 917 1327 qui
945 1272 1156 1327 catalogos
1187 1271 1371 1313 virorum
1401 1270 1625 1313 illustrium
1667 1278 1811 1313 texue-

440 1351 560 1394 runt,
597 1356 725 1398 quum
758 1343 905 1399 syriaci
941 1342 1151 1385 sermonis
1187 1342 1312 1384 rudes
1349 1349 1517 1391 esseut,
1555 1354 1607 1383 ne
1639 1341 1810 1383 nomina

441 1415 611 1470 quidem
651 1428 797 1457 eorum
837 1414 906 1469 qui
943 1414 1101 1470 syriace
1134 1414 1395 1469 scripserunt
1435 1413 1556 1455 uobis
1586 1412 1810 1455 tradidere.

441 1486 640 1528 Historici
669 1486 839 1527 demum
868 1485 973 1540 syri,
1004 1485 1072 1539 qui
1114 1484 1335 1539 gentilium
1366 1496 1539 1526 suorum
1565 1484 1811 1526 memoriam

383 1576 400 1597 «
440 1557 489 1600 ad
514 1565 705 1613 posteros
731 1569 960 1612 propagare
981 1555 1233 1611 potuissent,
1254 1555 1414 1610 periere
1435 1555 1520 1597 fere
1540 1568 1687 1597 omnes
1703 1553 1763 1611 (1).
1788 1570 1807 1594 1>

439 1629 502 1671 Ex
525 1628 588 1670 his
620 1628 790 1683 quidem
815 1628 946 1682 liquet
970 1627 1150 1668 infausta
1175 1626 1245 1668 diu
1270 1626 1399 1668 fuisse
1420 1626 1656 1668 litterarum
1685 1626 1813 1682 syria-

378 1714 520 1743 carum
555 1701 633 1742 sata
652 1732 662 1748 ,
694 1700 744 1742 ab
773 1712 823 1742 eo
856 1699 1087 1754 praesertim
1118 1706 1305 1753 tempore
1329 1712 1412 1752 quo
1435 1698 1654 1741 Sarraceni
1677 1698 1814 1740 orien-

380 1772 483 1814 tales
516 1771 708 1827 regiones
735 1771 869 1812 ferreo
893 1783 969 1811 suo
992 1769 1093 1825 jugo
1117 1768 1410 1824 subJ'eceruut3
1436 1782 1581 1811 verum
1600 1770 1815 1811 enimvero

379 1842 539 1885 ultimis
569 1842 683 1884 hisce
716 1840 880 1883 saeculis
915 1841 1080 1896 egregia
1114 1841 1334 1882 conamina
1366 1841 1409 1882 in
1437 1841 1605 1896 Europa
1629 1840 1815 1896 praestita

379 1915 566 1963 fuerunt,
584 1914 737 1968 quibus
755 1912 1024 1968 reliquiarum
1046 1913 1199 1954 summi
1220 1913 1341 1968 pretii
1357 1914 1407 1955 ad
1425 1913 1694 1955 orientalium
1711 1925 1814 1969 gen-

380 1985 482 2027 tium
506 1985 746 2034 historiam,
772 1984 978 2026 culturam
1005 1984 1332 2027 intellectualem
1351 2017 1360 2035 ,
1385 1992 1541 2026 statum
1569 1984 1812 2040 religiosum

379 2056 714 2113 dignoscendum
735 2089 743 2106 ,
764 2055 999 2112 ignorantia
1021 2063 1062 2097 et
1087 2056 1205 2097 ruina
1228 2063 1565 2110 p1²aecaverentur
1589 2055 1649 2112 (a).
1670 2057 1815 2098 Romae

382 2128 589 2184 primum,
609 2127 720 2182 quod
747 2126 979 2182 principem
1008 2126 1123 2169 orbis
1148 2126 1365 2169 christiani
1389 2126 1599 2169 civitatem
1625 2126 1818 2175 decebat,

374 299 396 1025 ἢῶῶἣῶῶῶῆἢῶέ

380 1219 400 1384 25³2*
379 1074 398 1168 a&

383 1432 401 1455 ἢ

384 1504 399 1523 2

429 2288 471 2327 (ι)
497 2288 562 2319 Jos.
589 2287 669 2319 Sim.
702 2287 874 2320 Assemani
902 2287 935 2318 B.
963 2287 998 2318 Ο.
1026 2287 1049 2318 1.
1074 2287 1107 2317 in
1138 2284 1296 2329 Proloyo.

431 2345 473 2384 (a)
501 2345 619 2376 Narrat
644 2345 709 2375 los.
735 2344 816 2376 Sim.
836 2343 1007 2375 Assemani
1033 2343 1064 2374 in
1088 2341 1195 2383 l'roef.
1216 2342 1252 2373 Β.
1275 2340 1313 2374 O.
1334 2350 1397 2383 qua
1424 2341 1599 2382 diligentia
1625 2341 1818 2381 quibusque

386 2401 544 2441 periculis
572 2402 642 2441 ipse
668 2407 701 2433 et
726 2401 800 2438 alii,
822 2401 990 2433 excitante
1010 2400 1157 2432 Romano
1177 2399 1347 2436 pontifice,
1367 2401 1397 2430 in
1419 2398 1635 2431 Bibliotheca·
1652 2398 1818 2430 vaticam

385 2458 505 2488 scrinia
535 2466 611 2488 mss.
627 2458 758 2489 codices
776 2466 816 2489 ex
843 2457 1055 2489 monasteriis
1081 2457 1194 2488 Nitriae
1220 2456 1410 2488 intulerint.
1427 2456 1471 2487 Ex
1492 2456 1609 2488 eodem
1628 2455 1720 2486 fonte
1741 2463 1819 2495 pro-

386 2515 524 2546 dierunt
558 2523 632 2555 quae
665 2515 698 2546 in
739 2514 852 2546 ‚tluseo
887 2514 1081 2546 britannico
1118 2514 1264 2553 reposita
1307 2514 1445 2545 suerunt
1482 2523 1500 2545 a
1537 2514 1690 2544 Tattamo
1725 2512 1817 2552 (vid.

392 2568 578 2610 Qttarlcrly
603 2569 746 2606 revicit),
774 2571 845 2602 dec.
876 2571 979 2608 1845)
1005 2575 1038 2602 et
1064 2570 1170 2601 Pacho
1190 2569 1287 2609 (vide
1311 2571 1456 2602 Curelon
1482 2569 1514 2600 in
1542 2567 1685 2610 Prcface
1708 2571 1741 2600 to
1766 2569 1821 2600 tlte

389 2626 525 2666 festival
550 2629 664 2660 letters
689 2628 730 2668 of
748 2628 973 2660 Athanasius.
1001 2628 1135 2660 london
1165 2628 1288 2665 1848.)
