1931 3239
577 163 742 189 (ΑΒΜΕΝ
770 164 794 189 11
824 164 870 188 i›1‹:
898 164 930 189 B.
960 164 994 188 v.
1023 163 1063 189 M.
1477 157 1539 189 267

164 256 302 299 Discat
339 256 508 313 gentilis
543 269 563 298 a
602 256 754 298 linibus
790 263 831 297 et
867 255 1206 297 extremitatibus
1243 262 1387 304 terrae,
1421 257 1533 310 quod

105 339 357 393 ubicumque
388 338 529 387 iverit,
559 337 613 380 ibi
645 337 696 379 (le
728 336 812 379 lilio
840 336 1025 392 Virginis
1056 349 1195 379 sermo
1224 337 1482 379 instituatur.

163 420 317 463 Contra
345 421 470 463 alium
500 420 569 475 qui
598 419 857 462 calumniose
877 419 1025 461 asserit
1054 432 1144 461 eam
1175 432 1257 461 non
1289 419 1535 462 mirabiliter

102 502 236 544 Deum
264 502 499 557 peperisse,
532 501 719 543 Ecclesia
751 501 918 543 extollit
949 513 1092 543 vocem
1123 514 1239 543 suam
1270 501 1536 543 anathemate

100 596 244 625 cavens
275 595 327 625 ne
364 582 491 624 intret
525 581 574 623 ad
617 582 773 636 ipsam3
811 581 1081 637 insipientem
1118 594 1240 630 vero,
1285 582 1354 637 qui
1396 582 1533 625 effutit

100 678 254 721 corpus
304 664 399 708 Filii
452 677 535 707 non
591 677 684 706 esse
724 676 772 706 ex
817 677 895 712 ea,
946 677 1026 707 una
1070 676 1163 706 cum
1209 662 1298 718 ejus
1342 663 1533 707 doctrina

101 746 212 796 odit,
250 746 486 802 refugitque
515 745 566 787 ab
596 758 660 787 eo.

159 874 295 918 Hodie
328 887 424 917 vero
460 875 511 918 de
541 887 616 923 eo,
651 874 720 928 qui
756 873 857 916 dicit
889 873 1063 916 solvisse
1094 873 1275 921 Filium,
1312 886 1406 915 cum
1442 887 1533 916 nas-

98 965 285 1007 ceretur,
327 957 541 1013 virginalia
593 956 763 1004 man-is,
799 957 850 998 ab
895 955 1078 998 Ecclesia
1125 967 1265 997 sermo
1309 963 1372 997 est
1411 957 1531 998 insti-

102 1041 298 1082 tuendus.

161 1124 294 1167 Hodie
329 1123 456 1179 igitur
493 1135 642 1165 omnes
676 1121 743 1163 isti
781 1121 989 1163 scandalis
1023 1121 1109 1162 suis
1148 1121 1363 1163 silentium
1398 1122 1530 1177 impo-

99 1215 227 1255 nant,
285 1214 326 1249 et
387 1205 452 1248 liic
505 1205 621 1247 solus
675 1217 762 1247 rem
818 1203 1111 1260 aggrediatur,
1170 1212 1211 1245 ut
1261 1204 1386 1246 etiam
1443 1204 1531 1259 ipse

99 1287 405 1331 confundatur!
463 1286 604 1334 illum,
651 1289 846 1339 mquam,
905 1285 975 1340 qui
1029 1284 1201 1328 Mariam
1251 1284 1532 1327 calumniatur

98 1370 217 1425 quasi
258 1377 352 1425 post
389 1377 554 1424 partum
589 1367 699 1409 haud
744 1367 1022 1423 permanserit
1068 1366 1108 1408 in
1155 1365 1392 1423 virginitate
1429 1379 1532 1415 sua,

97 1465 215 1496 amor
244 1454 336 1496 sine
363 1452 671 1508 disceptatione
703 1451 938 1506 redarguat.

157 1535 340 1578 Taceant
374 1534 549 1577 omnino
586 1544 734 1575 omnes
767 1531 1055 1574 dubitationes
1088 1531 1173 1586 jam
1214 1532 1529 1580 condemnatae,

96 1616 217 1659 etde
252 1630 335 1659 nno
369 1615 637 1659 solummodo
673 1613 796 1656 hodie
830 1626 969 1655 sermo
1004 1625 1147 1656 vocem
1185 1626 1303 1655 suam
1338 1612 1527 1655 extollat.

160 1699 332 1742 lnducat
369 1710 495 1754 porro
531 1697 600 1740 ille
643 1696 766 1739 verba
806 1709 880 1737 sua
913 1703 954 1738 et
998 1695 1239 1739 manifestet
1272 1695 1392 1737 nobis
1428 1694 1527 1750 quid

96 1782 270 1831 doceat3
305 1791 372 1833 at,
409 1782 578 1837 quando
617 1782 818 1836 loquutus
854 1780 978 1822 fuerit
1018 1779 1132 1835 ipse,
1167 1778 1308 1821 audiat
1344 1791 1364 1820 a
1405 1776 1527 1820 nobis

97 1866 329 1909 veritatem.

160 1948 432 1995 «Videlicet,
463 1950 524 1989 ita
561 1950 635 1988 iste
672 1950 876 2000 loquitur,
911 1946 1037 1987 Maria
1078 1952 1170 2000 post
1202 1942 1525 1997 conceptionem

98 2034 138 2076 in
180 2033 418 2090 virginitate
456 2045 528 2075 sua
569 2033 824 2088 permansit,
861 2032 956 2087 qnia
995 2029 1156 2073 nullum
1198 2026 1528 2075 commercium,

97 2117 264 2160 solvens
293 2117 506 2173 virginalia
536 2116 678 2172 signa,
705 2117 755 2158 ad
788 2129 933 2171 puram
964 2116 1071 2157 hanc
1096 2115 1294 2165 virqinem
1325 2110 1530 2160 accessit3

96 2200 266 2255 qnando
308 2207 448 2243 autem
498 2198 682 2254 peperit,
730 2199 826 2253 quia
872 2197 1033 2253 peperit
1081 2208 1177 2238 eum
1228 2191 1529 2249 corporaliter,

98 2295 201 2338 puer
230 2282 320 2338 ejus
359 2282 400 2324 in
445 2294 616 2339 egressu
646 2281 859 2338 virginalia
888 2279 1034 2327 solvit,
1061 2275 1402 2333 quandoquidem
1432 2287 1528 2316 vere

96 2378 250 2422 corpus
289 2373 530 2422 acceperat;
569 2365 728 2408 scilicet
765 2365 835 2420 qui
880 2364 982 2407 dicit
1023 2376 1117 2405 eum
1157 2362 1198 2403 in
1235 2372 1407 2416 egressu
1447 2371 1524 2400 suo

96 2447 310 2503 virginalia
347 2448 455 2490 haud
500 2447 698 2495 solvisse,
740 2447 808 2488 ille
846 2459 896 2488 eo
934 2445 1024 2501 ipso
1065 2455 1259 2499 perverse
1301 2440 1430 2482 sentit
1475 2439 1528 2480 de

98 2528 225 2577 Filio,
269 2529 385 2583 quasi
437 2541 519 2571 non
565 2527 774 2583 acceperit
807 2539 960 2582 corpus
1000 2538 1050 2568 ex
1092 2524 1173 2565 filia
1220 2521 1414 2570 Davidis3
1452 2520 1524 2575 qni

98 2624 194 2654 vero
236 2611 456 2667 profitetur
490 2618 683 2653 naturam
721 2610 810 2666 ejus
850 2607 1111 2665 corporalem
1155 2618 1246 2649 esse
1282 2616 1332 2646 ex
1371 2602 1518 2647 Maria,
