1931 3239
581 176 747 203 CARMEN
774 176 801 202 11
827 176 875 202 DE
902 176 935 202 Β.
964 176 999 201 v.
1027 176 1068 201 M.
1483 170 1547 204 275

168 269 211 312 Si
232 270 270 311 in
298 268 515 325 prophetia
542 276 607 311 tua
635 269 781 310 matris
807 268 974 310 Domini
1001 268 1059 310 tui
1080 267 1254 310 historia
1280 267 1539 323 reperiatur,

106 364 275 407 surgas,
301 363 478 406 eamque
505 357 650 405 utpote
679 349 943 392 auditoribus
972 349 1306 405 acceptissimam
1337 362 1538 404 exponas.

167 433 274 476 Sunt
312 434 382 488 qui
416 433 563 476 dicunt
595 446 685 475 eam
721 440 814 488 post
851 441 1013 487 partum
1050 445 1171 475 suum
1212 432 1319 474 haud
1359 431 1540 487 amplius

107 528 199 559 esse
234 516 439 572 virginem
477 532 485 558 ε
520 517 706 572 explices
743 525 785 559 tu
822 516 944 559 nobis
980 524 1120 559 utrum
1156 515 1386 572 perdiderit
1420 528 1539 557 suam

104 598 400 654 virginitatem.
432 599 540 649 Tibi,
571 613 595 642 o
631 599 836 649 Ezechiel,
866 598 989 642 hodie
1019 598 1217 654 loquendi
1249 598 1397 654 obtigit
1429 610 1535 647 sors3

105 680 289 735 loquaris
325 682 377 725 de
404 681 554 731 Maria,
582 683 633 725 ab
665 694 797 737 eaque
824 681 1125 724 scrutationem
1161 680 1380 724 cohibeas!

163 863 396 906 Audiamus
432 876 546 906 nune
573 863 672 919 quid
706 864 864 907 dictum
899 864 1023 906 fuerit
1051 863 1091 905 in
1126 862 1342 919 prophetia
1378 862 1430 905 de
1463 863 1539 906 ista

104 953 238 988 matre
267 946 507 1002 prodigiosa
542 947 665 1002 plane
696 946 975 989 inscrutabili.

165 1027 373 1083 Propheta
410 1028 538 1084 igitur
571 1027 613 1070 in
648 1042 722 1071 sua
759 1027 975 1083 prophetia
1010 1027 1065 1070 ita
1100 1027 1206 1070 dixit
1241 1041 1250 1068 ε
1290 1042 1308 1066 «
1339 1025 1538 1069 Ostendit

103 1111 203 1153 mihi
244 1112 451 1154 Dominus
490 1119 654 1168 portam
717 1111 970 1161 sanctuarii,
1022 1124 1146 1167 quam
1197 1110 1277 1152 vidi
1326 1109 1538 1158 clausam,

102 1194 293 1250 dixitque
337 1195 544 1239 Dominus
574 1212 583 1239 :
616 1197 741 1239 Porta
772 1196 860 1238 haec
887 1195 1027 1238 clausa
1056 1195 1165 1245 erit,
1207 1207 1343 1250 neque
1374 1193 1536 1249 aperie-

103 1286 184 1329 tur,
218 1292 354 1335 neque
382 1279 556 1322 intrabit
580 1280 674 1336 quis
694 1288 765 1323 aut
793 1279 924 1323 exibit
954 1293 1027 1335 per
1056 1292 1163 1331 eam3
1188 1278 1285 1334 quia
1318 1277 1525 1320 Dominus

103 1362 192 1418 ipse
222 1362 397 1405 intrabit
431 1375 505 1419 per
537 1375 652 1411 eam,
681 1363 761 1406 erit
791 1362 945 1405 clausa.
968 1378 985 1401 υ

168 1542 375 1598 Propheta
404 1541 611 1598 Spiritus,
649 1542 869 1584 manifesta
903 1540 1024 1583 nobis
1059 1547 1185 1595 atque
1217 1551 1403 1595 exponas
1433 1537 1534 1593 quid

103 1624 183 1668 sihi
215 1624 313 1668 velit
347 1625 426 1667 iste
457 1638 597 1667 sermo
627 1633 739 1667 tuus.

165 1706 293 1762 Virgo
328 1706 455 1749 Maria
492 1706 533 1748 in
569 1706 788 1761 prophetia
823 1713 888 1748 est
923 1711 1041 1760 porta
1085 1703 1254 1751 clausa,
1297 1715 1369 1757 per
1409 1713 1533 1756 quam

103 1788 311 1831 Dominus
347 1787 540 1831 Christus
580 1787 751 1830 intravit
790 1787 831 1829 in
870 1785 1076 1828 mundum
1112 1797 1322 1840 quamque
1349 1783 1533 1826 clausam

104 1872 287 1928 reliquit.
323 1870 503 1924 Quando
539 1871 652 1914 Deus
688 1883 759 1926 per
798 1876 961 1925 portam
1008 1867 1268 1924 ingreditur,
1311 1879 1404 1909 eam
1450 1878 1533 1908 non

103 1955 263 2011 aperit,
286 1961 330 1996 ut
355 1953 574 1996 nobiscum
599 1961 862 1996 contestatur
894 1951 1085 1994 Ezechiel
1110 1950 1220 1992 filius
1244 1949 1535 1991 Hebraeorum.

165 2038 244 2080 Per
277 2043 439 2092 portam
474 2035 703 2078 nativitatis
739 2035 955 2090 ingressus
988 2040 1053 2075 est
1085 2033 1196 2074 Deus
1227 2031 1270 2073 in
1303 2030 1533 2078 mundum,

104 2121 199 2178 quia
240 2122 329 2175 ipse
369 2120 527 2170 voluit,
570 2119 643 2162 sed
686 2120 792 2161 hanc
836 2117 968 2174 ipsam
1012 2123 1173 2172 portam
1216 2115 1255 2156 in
1298 2113 1536 2169 virginitate

104 2203 288 2246 clausam
319 2201 502 2256 reliquit.

165 2285 461 2329 Sanctuarium
491 2284 593 2327 illud
617 2283 738 2339 cujus
766 2289 931 2338 portam
954 2281 1153 2337 propheta
1179 2277 1280 2321 vidit
1306 2290 1399 2321 esse
1426 2278 1537 2320 clau-

105 2382 193 2413 sam
229 2369 432 2426 virginem
469 2367 592 2411 nobis
624 2365 965 2423 1‘epraesentavit3
998 2364 1125 2421 igitur
1158 2361 1375 2419 virginitas
1408 2360 1535 2402 illaesa

107 2452 352 2509 permansit.

168 2535 377 2579 Sanctitas
428 2534 621 2578 Christus
669 2541 756 2582 est,
798 2540 838 2575 et
884 2528 1168 2572 sanctuarium
1219 2525 1373 2576 Maria3
1421 2532 1536 2580 porta

108 2630 207 2660 vero
238 2617 377 2660 clausa
409 2624 507 2659 sunt
535 2616 652 2671 signa
685 2613 896 2670 virginalia
931 2612 972 2654 in
1002 2611 1089 2666 ipsa
1121 2615 1380 2652 conservata.
