1931 3239
562 176 726 202 mtRMEN
752 178 778 202 11
807 177 854 203 nn
881 178 914 203 Β.
943 177 978 202 v.
1007 178 1048 203 M.
1456 169 1521 203 9023

143 265 273 309 Judaei
311 267 422 309 enim
463 267 723 310 calumniose
761 268 905 311 dieunt
937 268 1026 323 ejus
1068 268 1196 310 tilium
1237 282 1318 311 non
1348 282 1440 312 esse
1467 283 1516 312 ex

84 348 236 398 Patre,
279 361 417 405 neque
461 349 592 405 ipsam
648 350 893 406 concepisse
936 358 1006 392 aut
1053 352 1265 407 peperisse
1307 352 1345 393 in
1386 352 1518 409 Virgi-

84 431 213 473 nitate
267 445 371 483 sna3
425 432 766 486 blasphemantes
817 433 1025 475 affirmant
1072 447 1161 476 eam
1213 448 1263 476 ex
1321 435 1517 491 conjugio

81 514 326 569 concepisse
367 514 525 565 filium,
558 523 599 557 et
641 515 768 557 lilium
812 517 882 571 qui
917 517 1116 560 habitavit
1153 517 1192 559 in
1230 530 1274 560 ea
1315 531 1397 561 non
1425 532 1516 562 esse

81 596 282 637 virtutum
318 596 454 639 Patris
481 597 788 639 absconditam.

141 678 345 727 Gentilis,
383 679 692 722 remotissimus
729 692 823 722 eum
863 680 940 729 sit,
978 693 1114 735 neque
1147 681 1257 735 quod
1296 683 1515 737 genuerit,

79 773 216 816 neque
245 760 355 816 quod
387 761 463 811 sit,
492 774 629 815 neque
660 761 770 816 quod
811 761 939 803 silium
977 762 1123 805 habeat
1159 763 1224 805 illa
1265 763 1482 806 benedicta
1503 797 1512 813 ‚

78 845 208 887 novit.

139 926 258 969 Alius
289 926 551 975 insensatus,
583 925 652 981 qui
680 939 815 981 neque
854 926 1024 969 Judaeus
1058 933 1122 969 est
1153 940 1288 982 neque
1320 928 1515 983 gentiliS,

78 1022 231 1064 corpus
258 1009 331 1051 filii
361 1022 444 1052 non
480 1022 573 1052 esse
602 1021 650 1051 ex
685 1009 773 1065 ipsa
802 1010 1022 1052 mentitur.

140 1100 297 1157 lmpius
334 1100 505 1156 quidam
541 1100 642 1143 dicit
680 1113 770 1143 eam
813 1113 898 1143 non
938 1101 1151 1156 peperisse
1183 1102 1344 1152 Deum;
1376 1103 1516 1146 Chris-

78 1190 165 1226 tum
195 1196 295 1226 vero
326 1190 534 1239 quatenus
564 1183 778 1226 Christum
814 1183 920 1225 haud
952 1196 1044 1226 esse
1081 1184 1229 1227 Deum.

137 1266 270 1308 Porro
312 1265 423 1308 inter
465 1265 542 1308 ista
583 1264 783 1313 dicteria,
829 1278 1048 1308 sermones
1092 1273 1132 1308 et
1171 1266 1374 1317 liaei‘eses,
1422 1280 1515 1322 qnae

78 1346 236 1402 prolata
277 1347 417 1397 fuere,
450 1354 551 1389 sunt
582 1347 707 1390 etiam
751 1348 820 1403 qui
853 1360 944 1390 eam
978 1348 1186 1391 calumnia
1220 1349 1296 1392 hae
1328 1349 1515 1392 afficiunt

76 1429 187 1486 quod
222 1429 336 1486 virgo
368 1442 453 1472 non
488 1430 794 1485 permanserit3
824 1430 943 1486 signa
977 1430 1192 1488 virginalia
1221 1444 1293 1487 per
1324 1439 1512 1488 partum,

78 1518 120 1552 ut
162 1511 306 1561 aiunt,
345 1512 542 1554 auferunt
579 1512 630 1554 ab
668 1513 776 1567 ipsa,
814 1520 860 1553 ut
892 1512 990 1554 inde
1030 1513 1081 1555 ab
1114 1512 1204 1568 ejus
1241 1521 1361 1568 partu
1402 1513 1511 1555 haud

75 1593 255 1649 amplius
296 1595 412 1650 virgo
457 1595 642 1650 potuerit
685 1594 847 1645 voeari3
890 1595 968 1648 ipsi
1013 1595 1054 1636 in
1097 1603 1215 1650 partu
1260 1608 1337 1638 suo
1380 1595 1508 1638 fnisse

74 1675 256 1732 sigillum
298 1684 595 1719 conservatum
637 1677 829 1719 confiteri
878 1685 1100 1726 recusant,
1148 1684 1211 1719 ast
1253 1685 1397 1720 eontra
1440 1691 1514 1733 per

77 1765 241 1813 partum
280 1757 407 1806 illud,
442 1758 723 1814 virginitatem
757 1772 920 1811 nempe,
959 1758 1192 1815 perdidisse
1221 1767 1431 1802 asserunt.

136 1840 247 1892 Quid
281 1840 391 1883 inter
416 1840 657 1897 hujusmodi
687 1841 860 1897 spiritus
893 1842 1165 1885 scandalosos
1191 1850 1232 1885 et
1259 1843 1512 1886 dissidentes

74 1929 168 1978 aget
209 1921 388 1978 simplex
428 1923 614 1965 veritatis
644 1924 891 1966 confessor?

137 2004 325 2060 Exurge!
361 2017 385 2046 o
424 2004 639 2053 doctrina,
679 2012 721 2047 et
752 2005 845 2048 sine
881 2005 1145 2048 haesitatione
1187 2006 1365 2061 praediea
1407 2007 1512 2049 veri-

77 2096 230 2138 tatem,
270 2101 449 2145 eamque
488 2090 620 2145 palam
661 2090 897 2146 proclama,
933 2090 1088 2146 quippe
1120 2103 1213 2146 quae
1245 2099 1394 2133 cuneta
1428 2091 1510 2133 dis-

75 2171 179 2215 sidia
204 2180 389 2228 superet.

136 2255 308 2310 lnerepa
354 2254 550 2305 Judaeos,
601 2254 765 2310 corripe
813 2254 1015 2311 gentiles,
1065 2253 1272 2309 conjunge
1326 2254 1507 2303 divisos,

76 2338 335 2392 reprehende
369 2337 690 2387 contentiones,
728 2345 770 2380 et
805 2337 999 2380 seandala
1032 2338 1083 2380 ab
1119 2336 1413 2393 arrogantibus
1435 2350 1506 2379 ex-

75 2424 195 2479 pelle.
