1931 3239
384 181 427 218 20
952 193 1235 220 INTRODUCTIO.

385 284 548 328 Saeculo
595 293 734 327 autem
780 292 899 327 sexto
947 285 1143 333 ineunte,
1197 286 1357 328 Paomis
1409 284 1597 340 quidam
1625 284 1812 327 Callinici

385 356 608 412 episcopus
658 356 786 398 libros
832 356 1001 406 Severi,
1043 356 1084 398 in
1142 357 1465 412 patriarchatum
1513 356 1811 398 antiochenum

383 427 534 469 intrusi
576 437 617 470 et
657 429 1047 484 monophysitarum
1087 429 1314 484 primipili,
1353 429 1557 472 convertit
1607 429 1646 470 in
1686 428 1812 483 syria-

383 511 472 542 cam
504 498 687 555 linguam
720 500 780 554 (1).

634 657 648 694 ξ
681 656 712 686 8.
746 661 788 686 DE
818 661 994 693 SIMEONE,
1025 661 1194 687 EPISCOPO
1227 661 1551 687 BETH-AltsAMEtwst.

445 774 590 816 Utrum
633 776 800 817 tandem
849 777 1007 818 Simeon
1055 777 1457 819 anAnsamensm
1500 776 1725 831 episcopus
1773 784 1814 817 et

379 844 422 887 S.
449 845 593 887 Jacobi
618 845 867 901 Sarugensis
896 847 1005 889 aetati
1034 847 1119 889 fere
1147 860 1325 902 suppar,
1356 845 1475 902 cujus
1511 846 1664 901 scripta
1695 859 1814 902 argu-

379 920 507 961 menti
536 921 767 975 praesertim
805 922 992 964 historici
1023 922 1172 977 partim
1203 920 1335 964 edidit
1362 921 1449 964 Jos.
1483 920 1586 963 Sim.
1616 921 1812 964 Assema-

380 1002 458 1031 nus
489 989 529 1032 in
566 990 610 1032 B.
641 990 690 1034 Ο.
720 992 757 1041 l,
785 994 874 1035 546
902 1005 1035 1048 seqq„
1067 993 1116 1034 ad
1152 992 1341 1035 eamdem
1373 999 1530 1034 sectam
1565 992 1815 1047 pertinuerit

380 1073 536 1111 necne,
571 1063 747 1116 quaestio
772 1071 837 1106 est
867 1064 1042 1106 delinitu
1079 1064 1272 1106 difficilis.
1317 1063 1421 1106 lllud
1460 1064 1815 1106 saltensconstat

380 1144 476 1174 eum
508 1136 688 1176 henotico
723 1135 903 1177 Zenonis
939 1134 1167 1190 praebuisse
1201 1147 1449 1184 assensum,
1486 1134 1677 1189 quamvis
1717 1147 1815 1176 nus·

381 1202 490 1257 piam
531 1204 699 1247 haeresis
749 1205 1030 1261 patrocinium
1070 1205 1307 1261 suscepisse
1349 1205 1510 1260 legatur
1555 1211 1625 1247 aut
1674 1205 1814 1247 conci-

381 1271 482 1315 lium
529 1275 864 1319 chalcedonense
912 1275 1132 1332 rejecisse,
1173 1284 1218 1318 ut
1253 1284 1340 1319 erat
1377 1275 1553 1318 istorum
1599 1277 1815 1319 haeretico-

381 1357 472 1386 rum
535 1348 677 1390 moris.
732 1349 924 1391 Forsitan
975 1349 1029 1391 sit
1079 1361 1224 1391 eorum
1275 1348 1577 1391 catholicorum
1637 1348 1814 1392 numero

381 1418 669 1460 accensendus
704 1420 801 1474 qui,
832 1420 1099 1475 imperatoris
1145 1419 1284 1463 edicto
1331 1420 1471 1475 potius
1508 1432 1633 1474 quam
1676 1419 1814 1462 officio

380 1488 744 1544 obtemperantes,
782 1491 923 1533 animo
955 1491 1127 1533 minime
1159 1489 1356 1533 haeretico
1391 1490 1464 1533 sed
1497 1497 1610 1532 metu
1641 1490 1814 1534 induce-

379 1558 533 1601 bantur
564 1568 608 1602 ιιι
641 1561 692 1603 ab
726 1574 869 1605 errore
906 1570 947 1604 et
975 1563 1150 1605 veritate
1187 1562 1420 1617 profitenda
1449 1562 1605 1618 pariter
1630 1562 1814 1605 abstine-

381 1637 475 1672 rent
509 1637 634 1687 atque
670 1645 762 1676 sese
793 1633 849 1675 ita
884 1646 904 1675 a
938 1633 1100 1676 violatae
1137 1632 1232 1676 lidei
1278 1632 1453 1675 crimine
1484 1633 1694 1676 immunes
1721 1646 1814 1688 spe-

380 1701 526 1744 rabant
561 1702 622 1759 (2).

440 1772 630 1828 Denique
657 1774 704 1816 ad
745 1774 1010 1831 synopticum
1050 1775 1220 1830 syriacae
1257 1775 1504 1817 litteraturae
1532 1781 1812 1830 conspectum

378 1843 528 1887 horum
560 1846 747 1901 quinque
785 1846 1036 1889 saeculorum
1073 1846 1402 1903 complendum,
1436 1846 1638 1889 nonnulla
1677 1847 1812 1889 adbuc

379 1914 432 1958 de
470 1916 771 1972 interpretibus
810 1918 915 1973 syris
957 1918 1135 1961 fuissent
1189 1918 1394 1961 addenda.
1444 1919 1612 1961 Etenim
1660 1926 1813 1974 praeter

378 1985 421 2029 S.
449 1987 676 2043 Scripturae
707 1989 983 2045 interpretes,
1019 1990 1070 2031 de
1104 1989 1257 2044 quibus
1287 2003 1413 2045 supra
1443 1990 1607 2045 loquuti
1640 2003 1810 2040 sumus,

379 2060 520 2116 plures
549 2060 723 2102 aliarum
752 2061 988 2118 linguarum
1029 2062 1208 2104 maxime
1245 2075 1391 2117 graecae
1427 2062 1714 2105 monumentis
1759 2062 1808 2105 ad

379 2144 499 2174 usum
531 2132 795 2188 popularium
832 2147 1005 2175 suorum
1036 2134 1076 2175 in
1106 2134 1284 2188 patrium
1323 2146 1562 2176 sermonem
1596 2133 1809 2176 vertendis

425 2290 466 2329 (ι)
491 2291 523 2322 Β.
546 2292 581 2323 Ο.
613 2292 660 2329 ll,
688 2292 731 2323 46
758 2302 827 2333 seq.

428 2348 468 2387 (ἔκ)
496 2349 657 2382 Henotico
683 2351 826 2382 Zenonis
851 2352 1049 2391 subscripsit
1088 2352 1186 2382 ctiam
1222 2350 1403 2390 aliquando
1431 2350 1607 2382 Flavianus
1632 2351 1809 2383 antioche-

380 2414 441 2438 nus
469 2407 677 2446 patriarcba,
706 2408 764 2449 qui
790 2413 901 2440 tamen
920 2408 1222 2440 chalcedonensem
1251 2408 1349 2440 tidem
1371 2413 1492 2440 sartam
1516 2413 1707 2449 tectamque
1736 2417 1808 2440 ser-

380 2463 490 2499 vavit,
519 2469 553 2495 et.
577 2465 713 2504 quidam
743 2473 855 2506 postea
883 2466 1027 2506 gloriosa
1068 2466 1143 2497 ticlei
1185 2465 1395 2497 confessione
1421 2464 1464 2496 ab
1491 2465 1551 2496 ista
1579 2474 1652 2497 sese
1679 2466 1808 2497 macula

379 2522 542 2562 purgavit.
573 2522 631 2553 off.
661 2524 693 2554 A⁴
717 2525 803 2564 Pagi.
827 2522 955 2556 Critica
975 2524 1396 2565 historicochronoloyiffl
1423 2524 1461 2555 in
1479 2526 1624 2556 annales
1643 2523 1807 2562 Baronii,

379 2578 461 2610 edit.
481 2579 827 2620 Coloni-Allobrogum
847 2590 874 2612 a.
900 2581 1010 2614 1705.
1039 2587 1117 2613 toni.
1148 2581 1190 2613 ll.
1222 2591 1251 2620 p.
1276 2581 1361 2615 480.
1391 2585 1423 2612 et
1451 2581 1628 2617 Baronius.
1656 2580 1809 2613 Annales

379 2640 442 2667 etc.
471 2640 549 2667 tom.
581 2636 617 2667 vt
645 2636 684 2668 ad
712 2645 836 2669 annum
863 2638 941 2669 512.
