1931 3239
264 209 324 242 118
879 218 1005 243 CAPUT
1030 218 1070 243 Π.

324 312 373 353 Et
405 311 552 353 horum
586 310 753 366 quidem
784 311 1073 354 testimonium
1100 311 1326 353 universim
1352 311 1488 354 valere
1511 311 1691 354 arbitror

260 385 312 427 de
343 384 560 439 quibusvis
594 384 885 433 documentis,
913 384 1070 427 Jacobo
1105 384 1144 426 in
1167 384 1382 427 codicibus
1411 397 1535 426 manu
1561 385 1691 440 scrip-

262 456 314 498 tis
332 454 570 505 attributis3
589 455 666 497 etsi
689 455 800 497 enim
827 455 930 497 inibi
953 455 1153 497 nonnulla
1176 455 1463 511 reperirentur
1482 468 1502 497 a
1522 454 1692 497 nemine

258 528 342 571 alio
389 527 556 571 laudato
605 541 729 583 quam
771 529 1043 577 amanuensi,
1087 528 1205 577 huic,
1252 536 1398 584 utpote
1441 529 1480 569 in
1530 528 1692 571 caeteris

263 599 397 649 lideli,
420 612 616 641 assensus
642 599 865 641 detrectari
889 613 972 641 non
1008 599 1159 649 debet,
1182 599 1261 641 nisi
1287 607 1412 641 certae
1440 599 1622 642 rationes
1650 599 1690 641 in

260 679 457 728 promptu
487 671 570 713 sint
593 671 714 713 aliter
738 671 965 713 statuendi.
990 671 1032 713 Si
1056 679 1195 713 autem
1224 671 1276 713 de
1308 671 1690 726 compositionibus

258 750 394 785 metro
424 743 688 784 concinnatis
719 743 937 797 speciatim
968 743 1215 797 inquiritur,
1241 743 1282 784 in
1312 743 1362 784 iis
1393 742 1691 798 dignoscendis

260 822 302 857 et
329 814 555 870 Sarugensi
590 814 852 856 vindicandis
884 814 1119 856 subsidium
1157 814 1341 869 praebere
1382 814 1535 868 poterit
1576 826 1691 855 men-

258 900 354 930 sura
385 899 552 934 versus,
580 886 646 928 cni
674 885 898 928 duodecim
924 886 1093 942 syllabis
1121 893 1315 928 constare
1348 885 1537 927 solemne
1565 894 1641 928 est.

320 958 532 1007 Tandem,
562 966 607 999 ut
635 958 808 1013 propius
843 958 893 1000 ad
929 970 1015 1000 rem
1054 965 1241 1000 nostram
1284 957 1559 1006 accedamus,
1590 969 1692 1000 neve

260 1031 368 1072 ultra
395 1031 503 1072 idem
534 1038 828 1086 argumentum
856 1043 1057 1085 cogamur
1086 1037 1333 1077 retractare,
1359 1029 1692 1071 animadvertere

256 1101 411 1157 juverit
443 1101 698 1143 documenta
730 1114 821 1156 tulnae
856 1100 904 1143 ad
940 1100 1094 1143 calcem
1125 1114 1272 1142 sumus
1301 1100 1470 1148 edituri,
1508 1100 1587 1141 alio
1621 1101 1693 1141 atl-

259 1174 341 1215 11116
373 1173 494 1215 titulo
531 1173 692 1215 auctori
731 1181 876 1215 nostro
912 1172 1128 1214 vindicari.
1163 1172 1329 1227 Quippe
1371 1181 1508 1226 partes
1543 1171 1692 1226 aliquae

258 1244 435 1287 istorum
467 1244 702 1286 carminum
738 1245 848 1300 apud
879 1244 1005 1300 Syros
1038 1245 1076 1285 in
1112 1244 1250 1286 officio
1285 1243 1570 1286 ecclesiastico
1602 1242 1692 1301 ejus

260 1316 432 1359 nomine
474 1325 628 1359 notatae
681 1317 914 1372 leguntur,
958 1330 1050 1371 quae
1095 1315 1198 1357 adeo
1246 1315 1366 1371 quasi
1410 1315 1538 1358 totius
1581 1313 1692 1356 illius

258 1388 447 1431 ecclesiae
483 1388 642 1431 calculo
672 1388 1010 1443 pronunciantur
1037 1387 1303 1430 authenticae.

941 1502 1011 1541 §2

321 1603 453 1644 Porro
484 1608 525 1643 et
553 1600 621 1642 illa
651 1600 828 1656 quaestio
863 1599 1020 1642 moveri
1051 1606 1212 1654 potest,
1242 1605 1383 1640 utrum
1412 1598 1566 1654 scripta
1599 1609 1690 1652 quae

261 1674 421 1718 auctori
458 1682 605 1716 nostro
647 1673 782 1729 quoad
824 1672 1104 1714 substantiam
1135 1671 1413 1713 adscribenda
1445 1682 1692 1720 censemus,

259 1747 308 1789 ad
351 1748 485 1802 ipsum
526 1758 692 1795 revera,
726 1752 850 1800 prout
878 1745 918 1786 in
945 1757 1044 1786 mss.
1073 1744 1243 1799 jacent,
1277 1743 1438 1800 integra
1470 1742 1555 1784 sint
1588 1743 1692 1785 refe-

261 1818 391 1862 renda
435 1824 476 1860 et
519 1818 729 1872 completa
776 1817 1043 1865 habeantur3
1085 1817 1171 1858 liaec
1218 1816 1406 1871 profecto
1449 1822 1512 1857 est
1549 1815 1690 1856 solutu

262 1890 498 1939 difficilior3
537 1890 577 1931 in
618 1902 698 1943 qua
732 1888 931 1931 solvenda
966 1902 1049 1930 non
1080 1888 1217 1930 solum
1253 1887 1520 1929 librariorum
1554 1887 1691 1929 (16166-

262 1972 330 2005 tus
365 1961 633 2004 involuntarii
659 1969 729 2003 aut
756 1973 920 2003 errores
957 1973 1040 2016 prae
1082 1960 1214 2002 oculis
1238 1960 1391 2002 versari
1416 1959 1596 2009 debent,
1620 1958 1690 2014 qui

262 2048 362 2078 sane
397 2035 498 2090 ipsis
531 2035 707 2076 nimium
744 2033 845 2075 vitio
879 2033 1067 2075 vertendi
1098 2046 1179 2075 non
1210 2041 1328 2082 sunt;
1358 2032 1550 2074 homines
1577 2032 1690 2074 enim

262 2115 387 2157 sunt,
424 2114 466 2149 et
502 2106 671 2161 quidem
712 2104 967 2154 orientales,
1005 2118 1026 2146 a
1065 2105 1218 2160 quibus
1248 2104 1453 2159 judicium
1498 2103 1689 2145 criticum

263 2189 304 2222 et
330 2193 447 2236 aequa
476 2187 667 2222 textuum
695 2177 893 2220 discretio
917 2176 1131 2219 rarissime
1160 2183 1356 2231 poterunt
1387 2175 1622 2230 expectari,
1648 2184 1692 2217 ut

264 2253 305 2294 in
329 2252 522 2294 confesso
544 2258 608 2293 est
629 2250 737 2305 apud
762 2262 933 2301 omnes;
954 2248 1025 2290 sed
1054 2247 1261 2304 praecipue
1284 2248 1422 2303 agitur
1445 2247 1495 2290 de
1518 2247 1691 2290 sinceri-

266 2332 348 2366 tate
375 2337 423 2366 ac
450 2323 530 2365 fide
562 2335 640 2376 qua
661 2321 917 2364 ducerentur
945 2319 1136 2375 nonnulli
1165 2318 1248 2374 syri
1274 2318 1475 2360 librorum
1506 2318 1691 2374 descrip-

264 2404 397 2444 tores;
423 2394 509 2435 haec
537 2400 700 2442 autem,
727 2392 796 2434 ubi
819 2392 871 2434 de
894 2382 1018 2433 rebus
1041 2390 1291 2445 dogmaticis
1319 2389 1429 2431 inter
1447 2389 1562 2445 ipsos
1593 2403 1691 2432 con-

263 2465 463 2508 troversis
481 2476 619 2506 sermo
637 2470 716 2513 est,
735 2470 928 2519 suspecta
947 2461 1172 2517 aliquando
1192 2461 1368 2504 videtur.
1390 2461 1692 2517 Mouopliysitae

266 2537 497 2592 praesertim
546 2548 629 2576 nou
660 2534 813 2584 semel,
847 2542 891 2576 ut
925 2541 1049 2575 sectae
1079 2545 1165 2575 suae
1207 2533 1477 2587 antiquorum
1527 2540 1688 2587 patrum

266 2608 497 2664 patrocinio
545 2607 839 2649 auctoritatem
883 2614 924 2648 et
971 2604 1147 2660 gloriam
1196 2603 1491 2652 conciliarent,
1541 2616 1687 2646 eorum

263 2680 415 2735 scripta
432 2678 619 2721 adultera
636 2690 760 2720 manu
779 2677 1030 2733 pervertisse
1049 2676 1255 2727 sciuntur;
1271 2674 1483 2724 interalia‚
1503 2682 1688 2730 apertam
